%% This BibTeX bibliography file was created using BibDesk.
%% http://bibdesk.sourceforge.net/


%% Created for Pierre-Olivier Weill at 2019-02-11 10:27:08 -0800 


%% Saved with string encoding Unicode (UTF-8) 


@article{AfonsoEtAl2019,
  author       = {Gara Afonso and Roc Armenter and Benjamin Lester},
  title        = {A Model of the Federal Funds Market: Yesterday, Today, and Tomorrow},
  journal      = {Review of Economic Dynamics},
  volume       = {33},
  pages        = {177--204},
  month        = {July},
  year         = {2019},
  doi          = {10.1016/j.red.2019.04.004}
}

@article{EngelWu2023,
  author       = {Charles Engel and Steve Pak Yeung Wu},
  title        = {Liquidity and Exchange Rates: An Empirical Investigation},
  journal      = {The Review of Economic Studies},
  volume       = {90},
  number       = {5},
  pages        = {2395--2438},
  year         = {2023}
}

@article{JiangKrishnamurthyLustig2021,
  author       = {Zhengyang Jiang and Arvind Krishnamurthy and Hanno Lustig},
  title        = {Foreign Safe Asset Demand and the Dollar Exchange Rate},
  journal      = {Journal of Finance},
  volume       = {76},
  number       = {3},
  pages        = {1049--1089},
  month        = {June},
  year         = {2021}
}

@article{AfonsoEtAl2019,
  author       = {Gara Afonso and Roc Armenter and Benjamin Lester},
  title        = {A Model of the Federal Funds Market: Yesterday, Today, and Tomorrow},
  journal      = {Review of Economic Dynamics},
  volume       = {33},
  pages        = {177--204},
  month        = {July},
  year         = {2019},
  doi          = {10.1016/j.red.2019.04.004}
}

@article{EngelWu2023,
  author       = {Charles Engel and Steve Pak Yeung Wu},
  title        = {Liquidity and Exchange Rates: An Empirical Investigation},
  journal      = {The Review of Economic Studies},
  volume       = {90},
  number       = {5},
  pages        = {2395--2438},
  year         = {2023}
}

@article{JiangKrishnamurthyLustig2021,
  author       = {Zhengyang Jiang and Arvind Krishnamurthy and Hanno Lustig},
  title        = {Foreign Safe Asset Demand and the Dollar Exchange Rate},
  journal      = {Journal of Finance},
  volume       = {76},
  number       = {3},
  pages        = {1049--1089},
  month        = {June},
  year         = {2021}
}



@unpublished{COLL/DEMA/18,
	Author = {Colliard, Jean-Edouard and Demange, Gabrielle},
	Date-Added = {2019-02-11 10:20:27 -0800},
	Date-Modified = {2019-02-11 10:21:38 -0800},
	Note = {Working Paper, HEC and PSE},
	Title = {Asset Dissemination through Dealer Markets},
	Year = {2014}}

@article{ATKE/EISF/WEIL/15,
	Author = {Atkeson, Andrew and Eisfeldt, Andrea and Weill, Pierre-Olivier},
	Date-Added = {2019-02-11 10:19:20 -0800},
	Date-Modified = {2019-02-11 10:19:27 -0800},
	Journal = {Econometrica},
	Number = {6},
	Pages = {2231--2292},
	Title = {Entry and Exit in OTC Derivatives Markets},
	Volume = {83},
	Year = {2015}}

@unpublished{BABU/PARL/18,
	Author = {Babus, Ana and Parlatore, Cecilia},
	Date-Added = {2019-02-11 09:47:48 -0800},
	Date-Modified = {2019-02-11 09:48:29 -0800},
	Note = {Working paper, UW and NYU Stern},
	Title = {Strategic Fragmented Markets},
	Year = {2018}}

@article{BABU/KOND/12,
	Author = {Babus, Ana and Kondor, Peter},
	Date-Added = {2019-02-11 09:46:12 -0800},
	Date-Modified = {2019-02-11 09:52:02 -0800},
	Journal = {Econometrica},
	Pages = {1727-1769},
	Title = {Trading and Information Diffusion in OTC Markets},
	Volume = {86},
	Year = {2018}}

@article{MALA/ROST/12,
	Author = {Malamud, Semyon and Rostek, Marzena},
	Date-Added = {2019-02-11 09:46:05 -0800},
	Date-Modified = {2019-02-11 09:46:05 -0800},
	Journal = {American Economic Review},
	Pages = {3320-3362},
	Title = {Decentralized Exchange},
	Volume = {107},
	Year = {2017}}

@unpublished{HOLL/NEKL/SPAT/14,
	Author = {Hollifield, Burton and Neklyudov, Artem and Spatt, Chester},
	Date-Added = {2019-02-11 09:37:19 -0800},
	Date-Modified = {2019-02-11 09:37:19 -0800},
	Note = {Working paper, CMU and HEC Lausanne},
	Title = {Bid-Ask Spreads, Trading Networks and the Pricing of Securitizations: 144a vs. Registered Securitization},
	Year = {2014}}

@unpublished{LI/SCHU/19,
	Author = {Li, Dan and Sch\"{u}rhoff, Norman},
	Date-Added = {2019-02-11 09:37:07 -0800},
	Date-Modified = {2019-02-11 10:26:59 -0800},
	Note = {Working Paper, HEC Lausanne},
	Title = {Dealer Networks},
	Year = {2014}}

@article{FELD/12,
	Author = {Feldh\"{u}tter, Peter},
	Date-Added = {2019-02-11 09:36:57 -0800},
	Date-Modified = {2019-02-11 09:36:57 -0800},
	Journal = {Review of Financial Studies},
	Number = {4},
	Pages = {1155-1206},
	Title = {The Same Bond at Different Prices: Identifying Search Frictions and Selling Pressures},
	Volume = {25},
	Year = {2012}}

@article{ASHC/DUFF/07,
	Author = {Ashcraft, Adam and Duffie, Darrell},
	Date-Added = {2019-02-11 09:36:52 -0800},
	Date-Modified = {2019-02-11 09:36:52 -0800},
	Journal = {American Economic Review, Papers and Proceeding},
	Pages = {221-225},
	Title = {Systemic Illiquidity in the Federal Funds Market},
	Volume = {97},
	Year = {2007}}

@techreport{USLU/16,
	Author = {\"{U}sl\"{u}, Semih},
	Date-Added = {2019-02-11 09:35:41 -0800},
	Date-Modified = {2019-02-11 09:35:41 -0800},
	Institution = {Working paper, Johns Hopkins University},
	Title = {Pricing and Liquidity in Decentralized Asset Markets},
	Year = {2015}}

@unpublished{NEKL/12,
	Author = {Neklyudov, Artem},
	Date-Added = {2019-02-11 09:29:03 -0800},
	Date-Modified = {2019-02-11 09:29:03 -0800},
	Note = {Working Paper HEC Lausanne},
	Title = {Bid-Ask Spreads and the Over-the-Counter Interdealer Markets: Core and Peripheral Dealers},
	Year = {2012}}

@unpublished{HUGO/LEST/WEIL/18,
	Author = {Hugonnier, Julien and Lester, Ben and Weill, Pierre-Olivier},
	Date-Added = {2019-02-11 09:24:14 -0800},
	Date-Modified = {2019-02-11 09:25:07 -0800},
	Note = {Working paper EPFL, Federal Reserve Bank of Philadelphia, and UCLA},
	Title = {Frictional Intermediation in {Over-the-Counter} Markets},
	Year = {2018}}

@unpublished{HUGO/LEST/WEIL/14,
	Author = {Hugonnier, Julien and Lester, Benjamin and Weill, Pierre-Olivier},
	Date-Added = {2019-02-11 09:23:33 -0800},
	Date-Modified = {2019-02-11 09:25:16 -0800},
	Note = {Working paper, EPFL, Federal Reserve Bank of Philadelphia, and UCLA},
	Title = {Heterogeneity in decentralized asset markets},
	Year = {2014}}

@unpublished{FARB/JARO/SHIM/18,
	Author = {Farboodi, Marham and Jarosch, Gregor and Shimer, Robert},
	Date-Added = {2019-02-11 09:20:29 -0800},
	Date-Modified = {2019-02-11 09:21:25 -0800},
	Note = {Working paper, MIT, Princeton, University of Chicago},
	Title = {The Emergence of Market Structure},
	Year = {2018}}

@unpublished{CHAN/ZHAN/18,
	Author = {Chang, Briana and Zhang, Shengxing},
	Date-Added = {2019-02-11 09:19:15 -0800},
	Date-Modified = {2019-02-11 09:20:01 -0800},
	Note = {Working paper UW and LSE},
	Title = {Endogenous Market Making and Network Formation},
	Year = {2018}}

@article{CHAN/18,
	Author = {Chang, Briana},
	Date-Added = {2019-02-11 07:21:18 -0800},
	Date-Modified = {2019-02-11 07:21:59 -0800},
	Journal = {Review of Economic Studies},
	Pages = {275--306},
	Title = {Adverse Selection and Liquidity Distorsion},
	Volume = {85},
	Year = {2018}}

@article{GUER/SHIM/14,
	Author = {Guerrieri, Veronica and Shimer, Robert},
	Date-Added = {2019-02-11 07:19:19 -0800},
	Date-Modified = {2019-02-11 07:20:31 -0800},
	Journal = {American Economic Review},
	Pages = {1875--1908},
	Title = {Dynamic Adverse Selection: A Theory of Illiquidity, Fire Sales, and Flight to Quality},
	Volume = {104},
	Year = {2014}}

@article{LEST/ROCH/WEIL/15,
	Author = {Lester, Benjamin and Rocheteau, Guillaume and Weill, Pierre-olivier},
	Date-Added = {2019-02-11 07:13:38 -0800},
	Date-Modified = {2019-02-11 07:13:54 -0800},
	Journal = {Journal of Money, Credit and Banking},
	Number = {S2},
	Pages = {77--126},
	Publisher = {Wiley Online Library},
	Title = {Competing for order flow in OTC markets},
	Volume = {47},
	Year = {2015}}

@techreport{ATKE/EISF/WEIL/13,
	Author = {Atkeson, Andrew and Eisfeldt, Andrea and Weill, Pierre-Olivier},
	Date-Added = {2019-02-11 06:57:00 -0800},
	Date-Modified = {2019-02-11 06:57:00 -0800},
	Institution = {Working paper, UCLA},
	Title = {The Market of OTC Derivatives},
	Year = {2013}}

@unpublished{EECK/KIRC/12,
	Author = {Eeckhout, Jan and Kircher, Philipp},
	Date-Added = {2013-08-07 13:23:56 +0000},
	Date-Modified = {2013-08-07 13:25:48 +0000},
	Note = {Working paper UCL and LSE},
	Title = {Assortative Matching with Large Firms: Span of Control over More versus Better Workers},
	Year = {2012}}

@unpublished{RAMP/VISW/12,
	Author = {Rampini, Adriano A. and Viswanathan, S.},
	Date-Added = {2012-10-05 04:02:16 +0000},
	Date-Modified = {2012-10-05 04:04:45 +0000},
	Note = {Working paper, Duke},
	Title = {Financial Intermediary Capital},
	Year = {2012}}

@article{HOLM/TIRO/97,
	Author = {Holmstrom, Bengt and Tirole, Jean},
	Date-Added = {2012-10-05 03:59:47 +0000},
	Date-Modified = {2012-10-05 04:00:40 +0000},
	Journal = {Quarterly Journal of Economics},
	Pages = {663-691},
	Title = {Financial Intermediation, Loanable funds, and the real sector},
	Volume = {112},
	Year = {1997}}

@article{BOYD/PRES/86,
	Author = {Boyd, John H. and Prescott, Edward C.t},
	Date-Added = {2012-10-05 03:58:38 +0000},
	Date-Modified = {2012-10-05 03:59:27 +0000},
	Journal = {Journal of Economic Theory},
	Pages = {211-232},
	Title = {Financial Intermediary-Coalitions},
	Volume = {38},
	Year = {1986}}

@article{DIAM/84,
	Author = {Diamond, Douglas W.},
	Date-Added = {2012-10-05 03:57:00 +0000},
	Date-Modified = {2012-10-05 03:57:55 +0000},
	Journal = {Review of Economic Studies},
	Pages = {393-414},
	Title = {Financial Intermediation and Delegated Monitoring},
	Volume = {51},
	Year = {1984}}

@unpublished{ATKE/EISF/WEIL/12,
	Author = {Atkeson, Andrew and Eisfeldt, Andrea and Weill, Pierre-Olivier},
	Date-Added = {2012-10-05 03:52:52 +0000},
	Date-Modified = {2012-10-05 03:53:32 +0000},
	Note = {Working paper, UCLA},
	Title = {The Market of OTC Derivatives},
	Year = {2012}}

@unpublished{WONG/WRIG/11,
	Author = {Wong, Yuet-Yee and Wright, Randall},
	Date-Added = {2012-10-05 03:51:16 +0000},
	Date-Modified = {2012-10-05 03:53:47 +0000},
	Note = {NBER Working paper No. 17511},
	Title = {Buyers, Sellers, and Middlemen: Variations on Search-Theoretic Themes},
	Year = {2011}}

@article{GEHR/93,
	Author = {Gehrig, Thomas},
	Date-Added = {2012-10-05 03:48:42 +0000},
	Date-Modified = {2012-10-05 03:49:33 +0000},
	Journal = {Journal of Economics and Management Strategy},
	Pages = {97-120},
	Title = {Intermediation in Search Markts},
	Volume = {2},
	Year = {1993}}

@book{NOSA/ROCH/11,
	Author = {Nosal, Ed and Rocheteau, Guillaume},
	Date-Added = {2012-09-30 17:20:16 +0000},
	Date-Modified = {2012-09-30 17:21:09 +0000},
	Publisher = {MIT Press},
	Title = {Money, Payments and Liquidity},
	Year = {2011}}

@unpublished{GROM/VAYA/09,
	Author = {Vayanos, Dimitri and Gromb, Denis},
	Date-Added = {2012-09-30 16:55:48 +0000},
	Date-Modified = {2012-09-30 16:56:26 +0000},
	Note = {Working paper, LSE},
	Title = {Financially Constrained Arbitrage and Cross-Market Contagion},
	Year = {2009}}

@article{SHIM/05b,
	Author = {Shimer, Robert},
	Date-Added = {2012-09-30 16:43:00 +0000},
	Date-Modified = {2012-09-30 16:43:51 +0000},
	Journal = {Journal of Political Economy},
	Number = {996-1025},
	Title = {The Assignment of Workers to Jobs in an Economy with Coordination Frictions},
	Volume = {113},
	Year = {2005}}

@article{ALBR/AXEL/84,
	Author = {James Albrecht and Axell, Bo},
	Date-Added = {2012-09-30 16:37:55 +0000},
	Date-Modified = {2012-09-30 16:39:11 +0000},
	Journal = {The Journal of Political Economy},
	Number = {5},
	Pages = {824--840},
	Title = {An Equilibrium Model of Search Unemployment},
	Volume = {92},
	Year = {1984},
	Bdsk-Url-1 = {http://dx.doi.org/10.2307/1831084}}

@article{BURD/JUDD/83,
	Author = {Kenneth Burdett and Judd, Kenneth},
	Date-Added = {2012-09-30 16:33:31 +0000},
	Date-Modified = {2012-09-30 16:39:36 +0000},
	Journal = {Econometrica},
	Number = {4},
	Pages = {955--969},
	Title = {Equilibrium Price Dispersion},
	Volume = {51},
	Year = {1983},
	Bdsk-Url-1 = {http://dx.doi.org/10.2307/1912045}}

@article{POST/ROBI/02,
	Author = {Postel-Vinay, Fabien and Robin, Jean-Marc},
	Date-Added = {2012-09-30 16:31:13 +0000},
	Date-Modified = {2012-09-30 16:31:59 +0000},
	Journal = {Econometrica},
	Pages = {2295-2350},
	Title = {Equilibrium Wage Dispersion with Worker and Employer Heterogeneity},
	Volume = {6},
	Year = {2002}}

@article{HORN/KRUS/VIOL/11,
	Author = {Hornstein, Andreas and Krussel, Per and Violante, Giovanni},
	Date-Added = {2012-09-30 16:24:22 +0000},
	Date-Modified = {2012-09-30 16:39:57 +0000},
	Journal = {American Economic Review},
	Pages = {2873-2898},
	Title = {Frictional Wage Dispersion in Search Models: A Quantitative Assessment},
	Volume = {101},
	Year = {2011}}

@article{BURD/MORT/98,
	Author = {Kenneth Burdett and Mortensen, Dale},
	Date-Added = {2012-09-30 16:03:31 +0000},
	Date-Modified = {2012-09-30 16:03:50 +0000},
	Doi = {10.2307/2527292},
	Journal = {International Economic Review},
	Number = {2},
	Pages = {257--273},
	Title = {Wage Differentials, Employer Size, and Unemployment},
	Volume = {39},
	Year = {1998},
	Bdsk-Url-1 = {http://dx.doi.org/10.2307/2527292}}

@article{ANDO/96,
	Author = {Andolfatto, David},
	Date-Added = {2012-07-24 08:54:05 -0500},
	Date-Modified = {2012-07-24 08:56:54 -0500},
	Journal = {The American Economic Review},
	Number = {1},
	Pages = {112-132},
	Title = {Business Cycles and Labor-Market Search},
	Volume = {86},
	Year = {1996}}

@unpublished{SCHA/12,
	Author = {Shachar, Or},
	Date-Added = {2012-07-11 08:55:07 +0200},
	Date-Modified = {2012-07-11 08:55:49 +0200},
	Note = {Working paper, NYU},
	Title = {Exposing The Exposed: Intermediation Capacity in the Credit Default Swap Market},
	Year = {2012}}

@article{STUL/10,
	Author = {Stulz, Renee},
	Date-Added = {2012-03-30 12:52:52 -0700},
	Date-Modified = {2012-03-30 12:53:31 -0700},
	Journal = {Journal of Economic Perspectives},
	Pages = {73-92},
	Title = {Credit Default Swaps and the Credit Crisis},
	Volume = {24},
	Year = {2011}}

@book{SAIT/07,
	Author = {Saita, Francesco},
	Date-Added = {2012-05-09 22:51:42 -0500},
	Date-Modified = {2012-05-09 22:52:29 -0500},
	Publisher = {Academic Press},
	Title = {Value at Risk and Bank Capital Management},
	Year = {2007}}

@unpublished{KIEF/10,
	Author = {Kiefer, Patrick},
	Date-Added = {2012-06-09 14:42:09 -0700},
	Date-Modified = {2012-06-18 20:16:18 +0200},
	Note = {Working paper, UCLA},
	Title = {A Search-Based Pricing Model of Credit Default Swaps},
	Year = {2010}}

@unpublished{SHAC/12,
	Author = {Shacher, Or},
	Date-Added = {2012-06-09 14:42:09 -0700},
	Date-Modified = {2012-06-18 20:16:18 +0200},
	Note = {Working paper, NYU},
	Title = {Exposing The Exposed: Intermediation Capacity in the Credit Default Swap Market},
	Year = {2012}}

@book{RUDI/53,
	Author = {Rudin, Walter},
	Date-Added = {2012-05-09 22:51:42 -0500},
	Date-Modified = {2012-05-09 22:52:29 -0500},
	Publisher = {McGraw-Hill},
	Title = {Principles of Mathematical Analysis},
	Year = {1953}}

@article{BABU/HU/18,
	Author = {Babus, Ana and Hu, Tai-Wei},
	Date-Added = {2012-03-30 15:48:51 -0700},
	Date-Modified = {2019-02-11 10:26:23 -0800},
	Journal = {Journal of Financial Economics},
	Pages = {200-215},
	Title = {Endogenous Intermediation in Over-the-Counter Markets},
	Volume = {125},
	Year = {2018}}

@article{MILG/81,
	Author = {Milgrom, Paul},
	Date-Added = {2012-03-30 12:52:52 -0700},
	Date-Modified = {2012-03-30 12:53:31 -0700},
	Journal = {The Bell Journal of Economics},
	Pages = {380-391},
	Title = {Good news and bad news: representation theorems and application},
	Volume = {12},
	Year = {1981}}

@article{ALLE/GALE/00,
	Author = {Allen, Franklin and Gale, Douglas},
	Journal = {Journal of Political Economy},
	Pages = {1-33},
	Title = {Financial Contagion},
	Volume = {1},
	Year = {2000}}

@unpublished{ZAWA/11,
	Author = {Zawadowski, Adam},
	Note = {Working paper, Boston University},
	Title = {Entangled Financial Systems},
	Year = {2011}}

@unpublished{ECB/09,
	Author = {ECB},
	Note = {Working paper, European Central Bank},
	Title = {Credt Default Swaps and Counterparty Risk},
	Year = {2009}}

@article{TERZ/ULUC/11,
	Author = {Terzi, Nuray and Ulucay, Korkmaz},
	Journal = {Procedia Social and Behavioral Sciences},
	Pages = {983-990},
	Title = {The Role of Credit Default Swaps on Financial Market Stability},
	Volume = {24},
	Year = {2011}}

@unpublished{CHEN/FLEM/JACK/LI/SARK/11,
	Author = {Chen, Kathryn and Fleming, Michael and Jackson, John and Li, Ada, and Sarkar, Asani},
	Note = {Working paper, FRBNY},
	Title = {An Analysis of CDS Transactions: Implications for Public Reporting},
	Year = {2011}}

@article{BOLT/OEHM/12,
	Author = {Bolton, Patrick and Oehmke, Martin},
	Journal = {Review of Financial Studies},
	Title = {Credit Default Swaps and the Empty Creditor Problem},
	Volume = {Forthcoming},
	Year = {2012}}

@unpublished{SARE/TOOK/11,
	Author = {Saretto, Alessio and Tookes, Heather},
	Note = {Working paper, Yale},
	Title = {Corporate Leverage, Debt Maturity and Credit Default Swaps: The Role of Credit Supply},
	Year = {2011}}

@unpublished{BOLT/OEHM/11,
	Author = {Bolton, Patrick and Oehmke, Martin},
	Note = {Working paper, Columbia},
	Title = {Should Derivatives be Privileged in Bankruptcy?},
	Year = {2011}}

@unpublished{GOFM/11,
	Author = {Gofman, Michael},
	Note = {Working paper, Wisconsin},
	Title = {A Network-Based Analysis of Over-the-Counter Markets},
	Year = {2011}}

@article{JARR/11,
	Author = {Jarrow, Robert A.},
	Journal = {Annual Review of Financial Economics},
	Pages = {235-257},
	Title = {The Economics of Credit Default Swaps},
	Volume = {3},
	Year = {2011}}

@unpublished{AFON/LAGO/11,
	Author = {Afonso, Gara and Lagos, Ricardo},
	Date-Added = {2011-12-22 15:56:12 -0800},
	Date-Modified = {2011-12-22 15:58:55 -0800},
	Note = {Working paper, Federal Reverve Bank of New York and NYU},
	Title = {Trade Dynamics in the Federal Funds Market},
	Year = {2011}}

@article{LEST/POST/WRIG/11,
	Author = {Lester, Benjamin and Wright, Randall and Postlewaite, Andrew},
	Date-Added = {2011-12-21 14:50:56 -0800},
	Date-Modified = {2011-12-22 07:19:12 -0800},
	Journal = {Review of Economic Studies},
	Title = {Information, Liquidity, Asset Prices, and Monetary Policy},
	Volume = {Forthcoming},
	Year = {2011}}

@article{LI/ROCH/WEIL/12,
	Author = {Li, Yiting and Rocheteau, Guillaume and Weill, Pierre-Olivier},
	Date-Added = {2011-12-21 08:13:19 -0800},
	Date-Modified = {2012-09-30 17:25:05 +0000},
	Journal = {Journal of Political Economy},
	Note = {Forthcoming},
	Title = {Liquidity and the Threat of Fraudulent Assets},
	Year = {2012}}

@article{AROR/GAND/LONG/09,
	Author = {Arora, Navneet and Gandhi, Priyank and Longstaff, Francis A.},
	Date-Added = {2011-12-21 08:13:19 -0800},
	Date-Modified = {2011-12-21 08:14:51 -0800},
	Journal = {Journal of Financial Economics},
	Title = {Counterparty Credit Risk and The Credit Default Swap Market},
	Volume = {Forthcoming},
	Year = {2012}}

@unpublished{BLIS/KAUF/05,
	Author = {Bliss, Robert R. and Kaufman, George G.},
	Date-Added = {2011-12-21 08:13:19 -0800},
	Date-Modified = {2011-12-21 08:14:51 -0800},
	Note = {Working Paper, Federal Reserve Bank of Chicago},
	Title = {Derivatives and Systemic Risk: Netting, Collateral, and Closeout},
	Year = {2005}}

@book{SHIM/10,
	Author = {Shimer, Robert},
	Date-Added = {2011-12-14 21:06:59 -0800},
	Date-Modified = {2011-12-14 21:08:15 -0800},
	Publisher = {Princeton University Press},
	Title = {Labor Markets and Business Cylces (CREI Lectures in Macroeconomics)},
	Year = {2010}}

@article{SHI/97,
	Author = {Shi, Shouyong},
	Date-Added = {2011-12-14 21:05:33 -0800},
	Date-Modified = {2011-12-14 21:06:53 -0800},
	Journal = {Econometrica},
	Pages = {75-102},
	Title = {A Divisible Search Model of Fiat Money},
	Volume = {65},
	Year = {1997}}

@techreport{SEC/10,
	Author = {{Securities and Exchanges Commission}},
	Date-Modified = {2010-12-02 06:13:52 -0800},
	Title = {Findings regarding the market events of {M}ay 6, 2010},
	Year = {2010}}

@article{COME/HEND/MOUL/SEAS/10,
	Author = {Comerton Forde, Carole and Hendershott, Terrence and Jones, Charles M. and Moulton, Pamela C. and Seasholes, Mark S.},
	Date-Added = {2010-11-25 06:33:36 -0800},
	Date-Modified = {2010-11-25 06:38:00 -0800},
	Journal = {Journal of Finance},
	Pages = {295-332},
	Title = {Time variation in liquidity: The role of market makers inventories and revenues},
	Volume = {65},
	Year = {2010}}

@unpublished{BIAI/FOUC/MOIN/10,
	Author = {Biais, Bruno and Foucault, Thierry and Moinas, Sophie},
	Date-Added = {2010-11-04 06:42:40 -0700},
	Date-Modified = {2010-11-04 06:44:36 -0700},
	Note = {Working paper, TSE and HEC},
	Title = {Equilibrium algorithmic trading},
	Year = {2010}}

@unpublished{PAGN/10,
	Author = {Pagnotta, Emiliano},
	Date-Added = {2010-11-03 15:12:41 -0700},
	Date-Modified = {2010-11-03 15:14:06 -0700},
	Note = {Working paper, NYU Stern},
	Title = {Information and Liquidity Trading at Optimal Frequencies},
	Year = {2010}}

@unpublished{HEND/RIOR/10,
	Author = {Hendershott, Terrence and Riordan, Ryan},
	Date-Added = {2010-09-20 07:28:31 -0700},
	Date-Modified = {2010-09-20 07:31:18 -0700},
	Note = {Working paper, UC Berkeley},
	Title = {Algorithmic Trading and Information},
	Year = {2010}}

@unpublished{BROG/10,
	Author = {Brogaard, Jonathan},
	Date-Added = {2010-09-20 07:11:43 -0700},
	Date-Modified = {2010-09-20 07:13:20 -0700},
	Note = {Working paper, Northwestern University},
	Title = {High Frequency Trading and its Impact on Market Quality},
	Year = {2010}}

@article{CORW/COUG/08,
	Author = {Corwin, Shane A. and Coughenour, Jay F.},
	Date-Added = {2010-09-20 07:00:43 -0700},
	Date-Modified = {2010-09-20 07:04:10 -0700},
	Journal = {Journal of Finance},
	Pages = {3031-3067},
	Title = {Limited Attention and the Allocation of Effort in Securities Trading},
	Volume = {63},
	Year = {2008}}

@unpublished{HEND/MENK/10,
	Author = {Hendershott, Terrence and Menkveld, Albert J.},
	Date-Added = {2010-09-15 10:48:25 -0700},
	Date-Modified = {2010-09-15 10:49:06 -0700},
	Note = {Working paper, UC Berkeley and University of Amsterdam},
	Title = {Price Pressures},
	Year = {2010}}

@unpublished{BIAI/WEIL/09,
	Author = {Biais, Bruno and Weill, Pierre-Olivier},
	Date-Added = {2010-08-09 09:28:59 -0700},
	Date-Modified = {2010-08-09 09:43:04 -0700},
	Note = {Working paper, TSE and UCLA},
	Title = {Liquidity Shocks and Order Book Dynamics},
	Year = {2009}}

@unpublished{BIAI/HOMB/WEIL/10a,
	Author = {Biais,Bruno and Hombert, Johan and Weill, Pierre-Olivier},
	Date-Added = {2010-07-30 12:58:33 -0700},
	Date-Modified = {2010-07-30 12:59:28 -0700},
	Note = {Working paper, TSE, HEC, UCLA},
	Title = {Trading and Liquidity with Imperfect Cognition},
	Year = {2010}}

@article{REIS/06a,
	Author = {Reis, Ricardo},
	Date-Added = {2010-07-02 15:48:47 -0700},
	Date-Modified = {2010-07-02 15:53:32 -0700},
	Journal = {Review of Economic Studies},
	Pages = {793-821},
	Title = {Inattentive producers},
	Volume = {3},
	Year = {2006}}

@article{REIS/06b,
	Author = {Reis, Ricardo},
	Date-Added = {2010-07-02 15:48:47 -0700},
	Date-Modified = {2010-07-02 15:53:32 -0700},
	Journal = {Journal of Monetary Economics},
	Pages = {1761-1800},
	Title = {Inattentive consumers},
	Volume = {8},
	Year = {2006}}

@article{MANK/REIS/02,
	Author = {Mankiw, Gregory and Reis, Ricardo},
	Date-Added = {2010-07-02 15:46:55 -0700},
	Date-Modified = {2010-07-02 15:48:14 -0700},
	Journal = {Quarterly Journal of Economics},
	Number = {1295-1328},
	Title = {Sticky information versus sticky prices: a proposal to replace the new keynesian Phillips Curve},
	Volume = {4},
	Year = {2002}}

@article{ABEL/EBER/PANA/07,
	Author = {Abel, Andrew B. and Eberly, Janice and Panageas, Stavros},
	Journal = {American Economic Review P\&P},
	Month = {May},
	Pages = {244-249},
	Title = {Optimal Inattention to the Stock Market},
	Year = {2007}}

@unpublished{ACHA/PEDE/03,
	Address = {New York University},
	Author = {Acharya, Viral V. and Pedersen, Lasse Heje},
	Institution = {Stern School of Business},
	Title = {Asset Pricing with Liquidity Risk},
	Year = {2003}}

@article{ADMA/PFLE/88,
	Author = {Admati, Anat R. and Pfleiderer, Paul},
	Journal = {Review of Financial Studies},
	Pages = {3-40},
	Title = {A Theory of Intraday Patterns: Volume and Price Variability},
	Volume = {1},
	Year = {1988}}

@article{ADMA/PFLE/89,
	Author = {Admati, Anat R. and Pfleiderer, Paul},
	Journal = {Review of Financial Studies},
	Pages = {189-223},
	Title = {Divide and Conquer: A Theory of Intraday and Day-of-the-Week Mean Effects},
	Volume = {2},
	Year = {1989}}

@unpublished{ADMA/PFLE/92,
	Address = {Stanford University,},
	Author = {Admati, Anat R. and Pfleiderer, Paul},
	Institution = {Graduate School of Business},
	Title = {Achilles and Methusaleh: The Paradox of Liquidity, Working Paper},
	Year = {1992}}

@article{AIYA/WALL/WRIG/96,
	Author = {Aiyagari, Rao S. and Wallace, Neil and Wright, Randall},
	Journal = {Journal of Monetary Economics},
	Pages = {397-419},
	Title = {Coexistence of money and interest-bearing securities},
	Volume = {37},
	Year = {1996}}

@article{AKER/70,
	Author = {Akerlof, George A.},
	Journal = {The Quaterly Journal of Economics},
	Number = {3},
	Pages = {359-369},
	Title = {The Market for Lemons : Quality Uncertainty and the Market Mechanism},
	Volume = {84},
	Year = {1970}}

@article{ALVA/JERM/00,
	Author = {Alvarez, Fernando and Jermann, Urban J.},
	Journal = {Econometrica},
	Pages = {775-798},
	Title = {Efficiency, Equilibrium, and Asset Pricing with Risk of Default},
	Volume = {4},
	Year = {2000}}

@article{ALVA/LUCA/WEBE/01,
	Author = {Alvarez, Fernando and Lucas, Robert E. Jr and Weber, Warren E.},
	Journal = {American Economic Review},
	Pages = {219-226},
	Title = {Interest Rates and Inflation},
	Volume = {91},
	Year = {2001}}

@article{ALVA/ATKE/KEHO/02,
	Author = {Alvarez, Fernando and Atkeson, Andrew and Kehoe, Patrick J.},
	Journal = {Journal of Political Economy},
	Pages = {73-112},
	Title = {Money, Interest Rates, and Exchange Rates with Endogenously Segmented Markets},
	Volume = {110},
	Year = {2002}}

@article{AMIH/MEND/80,
	Author = {Amihud, Yakov and Mendelson, Haim},
	Journal = {Journal of Financial Economics},
	Pages = {31-53},
	Title = {Dealership Market: Marketmaking with Inventory},
	Volume = {8},
	Year = {1980}}

@article{AMIH/MEND/86,
	Author = {Amihud, Yakov and Mendelson, Haim},
	Journal = {Journal of Financial Economics},
	Pages = {223-249},
	Title = {Asset Pricing and the Bid-Ask Spread},
	Volume = {17},
	Year = {1986}}

@article{AMIH/MEND/89,
	Author = {Amihud, Yakov and Mendelson, Haim},
	Journal = {Journal of Finance},
	Pages = {479-486},
	Title = {The Effects of Beta, Bid-Ask Spread, Residual Risk and Size on Stock Returns},
	Volume = {46},
	Year = {1989}}

@article{AMIH/MEND/91,
	Author = {Amihud, Yakov and Mendelson, Haim},
	Journal = {Journal of Finance},
	Pages = {479-486},
	Title = {Liquidity, Maturity, and the Yield on U.S. Treasury Securities},
	Volume = {46},
	Year = {1991}}

@article{ANG/HODR/XING/ZHAN/06,
	Author = {Ang, Andrew and Hodrick, Robert J. and Xing, Yuhang and Zhang, Xiaoyan},
	Journal = {Journal of Finance},
	Pages = {259-299},
	Title = {The Cross-Section of Volatility and Expected Returns},
	Volume = {61},
	Year = {2006}}

@article{ANGE/01,
	Author = {Angeletos, George-Marios},
	Journal = {Forthcoming, Quaterly Journal of Economics},
	Title = {Fiscal Policy with Non-Contingent Debt and the Optimal Maturity Structure},
	Year = {2001}}

@unpublished{ANGE/PAVA/05,
	Author = {Angeletos, George-Marios and Pavan, Alessandro},
	Instituion = {MIT and Northwestern University},
	Title = {Efficient Use of Information and Welfare Analysis in Economies with Complementarities and Asymmetric Information, Working Paper},
	Year = {2005}}

@article{ACEM/SHIM/99,
	Author = {Acemoglu, Daron and Shimer, Robert},
	Journal = {International Economic Review},
	Pages = {827-851},
	Title = {Holdups and Efficiency with Search Frictions},
	Volume = {40},
	Year = {1999}}

@article{AIYA/GERT/91,
	Author = {Aiyagari, Rao and Gertler, Mark},
	Journal = {Journal of Monetary Economics},
	Pages = {309-331},
	Title = {Asset Returns with Transaction Costs and Uninsurable Individual Risks: A Stage III Exercise},
	Volume = {27},
	Year = {1991}}

@article{AIYA/MCGR/98,
	Author = {Aiyagari, Rao and McGrattan, Ellen},
	Journal = {Journal of Monetary Economics},
	Pages = {447-470},
	Title = {The Optimum Quantity of Government Debt},
	Volume = {42},
	Year = {1998}}

@book{APOS/74,
	Author = {Apostol, Tom M.},
	Publisher = {Addison-Wesley},
	Title = {Mathematical Analysis},
	Year = {1974}}

@article{ARAU/SHEV/06,
	Author = {Araujo, Luis and Shevchenko, Andrei},
	Journal = {Journal of Monetary Economics, Forthcoming},
	Title = {Price Dispersion, Information and Learning},
	Year = {2006}}

@article{ARAU/CAMA/06,
	Author = {Araujo, Luis and Camargo, Braz},
	Journal = {Journal of Monetary Economics, Forthcoming},
	Title = {Information, Learning, and the Stability of Fiat Money},
	Year = {2006}}

@unpublished{ATKE/COLE/05,
	Author = {Atkeson, Andrew and Cole, Harold},
	Institution = {University of California, Los Angeles},
	Title = {A Dynamic Theory of Optimal Capital Structure and Executive Compensation, Working Paper},
	Year = {2005}}

@book{BAGE/73,
	Author = {Bagehot, Walter},
	Title = {Lombard Street, a Description of the Money Market},
	Year = {1873}}

@article{BALA/GOYA/98,
	Author = {Bala, Venkatesh and Goyal, Sanjeev},
	Journal = {Review of Economic Studies},
	Pages = {595-621},
	Title = {Learning from Neighbours},
	Volume = {65},
	Year = {1998}}

@article{BALI/CAKI/YAN/ZHAN/08,
	Author = {Bali, Turan G. and Cakici, Nusret and Yan, Xuemin (Sterling) and Zhang, Zhe},
	Journal = {Journal of Finance},
	Pages = {905-929},
	Title = {Does idiosyncratic risk really matter?},
	Volume = {60},
	Year = {2008}}

@unpublished{BARC/HEND/KOTZ/04,
	Address = {University of California at Berkeley,},
	Author = {Barclay, Michael J. and Hendershott, Terrence and Kotz, Kenneth},
	Institution = {Haas School of Business},
	Title = {Automation versus Intermediation: Evidence from Treasuries Going Off the Run, Working Paper},
	Year = {2004}}

@article{BANE/FUDE/04,
	Author = {Banerjee, Abhijit and Fudenberg, Drew},
	Journal = {Game and Economic Behavior},
	Pages = {1-22},
	Title = {Word-of-mouth learning},
	Volume = {46},
	Year = {2004}}

@article{BARR/06,
	Author = {Barro, Robert J.},
	Journal = {Quarterly Journal of Economics},
	Pages = {823-866},
	Title = {Rare Disasters and Asset Markets in the Twentieth Century},
	Volume = {121},
	Year = {2006}}

@article{BARR/CAMP/97,
	Author = {Barr, David G. and Campbell, John Y.},
	Journal = {Journal of Monetary Economics},
	Pages = {361-383},
	Title = {Inflation, Real Interest Rates, and the Bond Market: A Study of UK Nominal and Indexed-linked Government Bond Prices},
	Volume = {39},
	Year = {1997}}

@article{BASE/09,
	Author = {Basel Committee on Banking Supervision},
	Journal = {Bank for International Settlement Working Paper},
	Number = {16},
	Title = {Findings on the interaction of market and credit risk},
	Year = {2009}}

@unpublished{BERN/DOUG/DUFF/FERG/SCHR/05,
	Author = {Berndt, Antje and Douglas, Rohan and Duffie, Darrell and Ferguson, Mark and Schranz, David},
	Date-Modified = {2010-09-20 07:19:20 -0700},
	Note = {Working paper, Stanford University},
	Title = {Measuring Default Risk Premia from Default Swap Rates and EDFs},
	Year = {2005}}

@article{BENN/GARB/KAMB/00,
	Author = {Bennett, Paul and Garbade, Kenneth and Kambhu, John},
	Journal = {Federal Reserve Bank of New York Economic Policy Review},
	Pages = {1-31},
	Title = {Enhancing the Liquidity of U.S. Treasury Securities in an Era of Surpluses},
	Year = {2000}}

@article{BENV/SCHE/79,
	Author = {Benveniste, Lawrence M. and Scheinkman, Jose A.},
	Journal = {Econometrica},
	Pages = {727-732},
	Title = {On the Differentiability of the Value Function in Dynamic Models of Economics},
	Volume = {47},
	Year = {1979}}

@article{BERN/GERT/89,
	Author = {Bernanke, Ben and Gertler Mark},
	Journal = {The American Economic Review},
	Pages = {14-31},
	Title = {Agency Costs, Net Worth, and Business Fluctuations},
	Volume = {1},
	Year = {1989}}

@article{BERN/90a,
	Author = {Bernanke, Ben},
	Journal = {New England Economic Review},
	Pages = {51-68},
	Title = {On the Predictive Power of Interest Rates and Interest Rate Spreads},
	Volume = {November-December},
	Year = {1990}}

@article{BERN/90b,
	Author = {Bernanke, Ben S.},
	Journal = {Review of Financial Studies},
	Pages = {133-151},
	Title = {Clearing and Settlement during the Crash},
	Volume = {3},
	Year = {1990}}

@article{BERN/WELC/04,
	Author = {Bernardo, Antonio and Welch, Ivo},
	Journal = {Quarterly Journal of Economics},
	Pages = {135-158},
	Title = {Liquidity and Financial Market Runs},
	Volume = {119},
	Year = {2004}}

@article{BESS/MAXW/VENK/05,
	Author = {Bessembinder, Hendrik and Maxwell, William and Venkataraman, Kumar},
	Journal = {Journal of Financial Economics},
	Title = {Market Transparency, Liquidity Externalities, and Institutional Trading Costs in Corporate Bonds},
	Volume = {Forthcoming},
	Year = {2005}}

@article{BIAI/93,
	Author = {Biais, Bruno},
	Journal = {Review of Financial Studies},
	Pages = {157-185},
	Title = {Price Formation and Equilibrium Liquidity in Fragmented and Centralized Markets},
	Volume = {48},
	Year = {1993}}

@article{BIAI/HILL/SPAT/95,
	Author = {Biais, Bruno and Hillion, Piere and Spatt, Chester},
	Journal = {Journal of Finance},
	Pages = {1655-1689},
	Title = {An Empirical Analysis of the Limit Order Book and the Order Flow in the Paris Bourse},
	Volume = {50},
	Year = {1995}}

@unpublished{BIAI/HOMB/WEIL/10b,
	Author = {Biais, Bruno and Hombert, Johan and Weill, Pierre-Olivier},
	Note = {Working Paper, TSE, HEC, UCLA},
	Title = {Supplementary material for {``}trading and liquidity with limited cognition{"}},
	Year = {2010}}

@unpublished{BIAI/GREE/05,
	Address = {Carnegie Mellon University},
	Author = {Biais, Bruno and Green, Richard C.},
	Institution = {Tepper School of Business},
	Title = {The Microstructure of the Bond Market in the 20th century, Working Paper},
	Year = {2005}}

@article{BIGL/93,
	Author = {Biglaiser, Gary},
	Journal = {RAND Journal of Economics},
	Pages = {212-223},
	Title = {Middlemen as Experts},
	Volume = {24},
	Year = {1993}}

@article{BIGL/FRIE/94,
	Author = {Biglaiser, Gary and Friedman, James W.},
	Journal = {International Journal of Industrial Organization},
	Pages = {509-531},
	Title = {Middlemen as Guarantors of Quality},
	Volume = {12},
	Year = {1994}}

@article{BIGL/FRIE/99,
	Author = {Biglaiser, Gary and Friedman, James W.},
	Journal = {Journal of Economics and Management Strategy},
	Pages = {1-32},
	Title = {Adverse Selection with Competitive Inspection},
	Volume = {8},
	Year = {1999}}

@article{BLAN/DIAM/90,
	Author = {Blanchard, Olivier and Diamond, Peter},
	Journal = {Review of Economic Studies},
	Pages = {417-434},
	Title = {Unemployment Duration, and Wages},
	Volume = {61},
	Year = {1994}}

@article{BLOU/SERR/01,
	Author = {Blouin, Max R. and Serrano, Roberto},
	Journal = {Review of Economic Studies},
	Pages = {323-346},
	Title = {A Decentralized Market with Common Values Uncertainty: Non-Steady States},
	Volume = {68},
	Year = {2001}}

@unpublished{BOMF/02,
	Author = {Bomfim, Antulio N.},
	Note = {Working Paper, Federal Reserve Board},
	Title = {Counterparty Credit Risk in Interest Rate Swaps during Times of Market Stress},
	Year = {2002}}

@article{BOUD/WHIT/91,
	Author = {Boudoukh, Jacob and Whitelaw, Robert F.},
	Journal = {Journal of Fixed Income},
	Pages = {52-59},
	Title = {The Benchmark Effect in the Japanese Government Bond Market},
	Volume = {2},
	Year = {1991}}

@article{BOUD/WHIT/93,
	Author = {Boudoukh, Jacob and Whitelaw, Robert F.},
	Journal = {The Review of Financial Studies},
	Pages = {265-292},
	Title = {Liquidity as a Choice Variable: A Lesson from the Japanese Government Bond Market},
	Volume = {6},
	Year = {1993}}

@book{BRAD/88,
	Address = {Washington DC},
	Author = {Brady, Nicholas F.},
	Publisher = {US Government Printing Office},
	Title = {The Presidential Task Force on Market Mechanisms},
	Year = {1988}}

@article{BREE/79,
	Author = {Breeden, Douglas T.},
	Journal = {Journal of Financial Economics},
	Pages = {265-296},
	Title = {An intertemporal asset pricing model with stochastic consumption and investment opportunities},
	Volume = {7},
	Year = {1979}}

@book{BREM/81,
	Address = {New-York},
	Author = {Br\'{e}maud, Pierre},
	Publisher = {Springer-Verlag},
	Title = {Point Processes and Queues},
	Year = {1981}}

@article{BREN/SUBR/96,
	Author = {Brennan, Michael J. and Subrahmanyam, Avanidhar},
	Journal = {Journal of Financial Economics},
	Pages = {441-464},
	Title = {Market Microstructure and Asset Pricing: On the Compensation for Illiquidity in Stock Returns},
	Volume = {41},
	Year = {1996}}

@article{BREN/CHOR/SUBR/98,
	Author = {Brennan, Michael J. and Chordia, Tarum J. and Subrahmanyam, Avanidhar},
	Journal = {Journal of Financial Economics},
	Pages = {345-373},
	Title = {Alternative Factor Specifications, Security Characteristics, and the Cross-Section of Expected Stock Returns},
	Volume = {49},
	Year = {1998}}

@article{BRUN/JULL/07,
	Author = {Brunnermeier, Markus K. and Julliard, Christian},
	Journal = {Review of Financial Studies},
	Note = {Forthcoming},
	Title = {Money Illusion and Housing Frenzies},
	Year = {2007}}

@article{BURD/SHI/WRIG/01,
	Author = {Burdett, Kenneth and Shi, Shouyong and Wright, Randall},
	Journal = {Journal of Political Economy},
	Pages = {1060-1085},
	Title = {Pricing and Matching with Frictions},
	Volume = {109},
	Year = {2001}}

@article{BUIT/84,
	Author = {Buiter, Willem H.},
	Journal = {Econometrica},
	Pages = {665-680},
	Title = {Saddlepoint Problems in Continuous Time Rational Expectations Models: A General Method and Some Macroeconomic Examples},
	Volume = {52},
	Year = {1984}}

@unpublished{BRUN/PEDE/02,
	Address = {New-York University},
	Author = {Brunnermeier, Markus K. and Pedersen, Lasse H.},
	Institution = {Stern School of Business},
	Title = {Predatory Trading, Working Paper},
	Year = {2002}}

@article{BRUN/PEDE/08,
	Author = {Brunnermeier, Markus K. and Pedersen, Lasse H.},
	Journal = {Review of Financial Studies},
	Note = {Forthcoming},
	Title = {Funding Liquidity and Market Liquidity},
	Year = 2009}

@unpublished{BUER/NICO/00,
	Author = {Buera, Francisco and Nicolini, Juan Pablo},
	Institution = {Universidad di Tella},
	Title = {Optimal Maturity of Government Debt with Incomplete Markets, Working Paper},
	Year = {2000}}

@article{BURA/MENI/02,
	Author = {Buraschi, Andrea and Menini, David},
	Journal = {Journal of Financial Economics},
	Pages = {243-284},
	Title = {Liquidity Risk and Specialness},
	Volume = {64},
	Year = {2002}}

@article{CALO/HIMM/WACH/95,
	Author = {Calomiris, Charles W. and Himmelberg, Charles P. and Watchel, Paul},
	Journal = {Carnegie-Rochester Conference Series on Public Policy},
	Pages = {203-250},
	Title = {Commercial Paper, Corporate Finance, and the Business Cycle: a Microeconomic Perspective},
	Volume = {42},
	Year = {1995}}

@book{CART/VANB/00,
	Address = {New York},
	Author = {Carter, Michael and Van Brunt, Bruce},
	Publisher = {Springer-Verlag},
	Title = {The Lebesgue-Stieltjes Integral: a Practical Introduction},
	Year = {2000}}

@article{CAVA/EROS/TEMZ/99,
	Author = {de Cavalcanti, Ricardo O. and Erosa, Andres and Temzelides, Ted},
	Journal = {The Journal of Political Economy},
	Number = {5},
	Pages = {929-945},
	Title = {Private Money and Reserve Management in a Random-Matching Model},
	Volume = {107},
	Year = {1999}}

@article{CARL/FUER/97,
	Author = {Carlstrom, Charles T. and Fuerst, Timothy S.},
	Journal = {The American Economic Review},
	Pages = {893-910},
	Title = {Agency Costs, Net Worth, and Business Fluctuations: A Computable General Equilibrium Analysis},
	Volume = {87},
	Year = {1997}}

@article{CHAM/GALE/94,
	Author = {Chamley, Christophe and Gale, Douglas},
	Journal = {Econometrica},
	Pages = {1065-1085},
	Title = {Information Revelation and Strategic Delays in a Model of Investment},
	Volume = {62},
	Year = {1994}}

@book{CHAM/04,
	Address = {Cambridge},
	Author = {Chamley, Christophe},
	Publisher = {Cambridge University Press},
	Title = {Rational Herds},
	Year = {2004}}

@article{CHRI/SCHU/98,
	Author = {Christie, William G. and Schultz, Paul H.},
	Journal = {Journal of Financial Services Research},
	Pages = {205-229},
	Title = {Dealer Markets Under Stress: The Performance of NASDAQ Market Makers During the November 15, 1991, Market Break},
	Volume = {13},
	Year = {1998}}

@article{CHOW/NAND/91,
	Author = {Chowdhry, Bhagwan and Nanda, Vikram},
	Journal = {Review of Financial Studies},
	Pages = {483-511},
	Title = {Multimarket Trading and Market Liquidity},
	Volume = {4},
	Year = {1991}}

@article{CLOU/HEND/ORPH/SMAL/TINS/03,
	Author = {Clouse, James and Henderson, Dale and Orphanides, Athanasios and Small, David and Tinsley, Peter},
	Journal = {Topics in Macroeconomics},
	Note = {article 12, {\tt http://www.bepress.com/bejm/topics/vol3/iss1/art12}},
	Title = {Monetary Policy When the Nominal Short-Term Interest Rate is Zero},
	Volume = {3},
	Year = {2003}}

@article{CHAM/98,
	Author = {Chamler, John M. R.},
	Journal = {Review of Financial Studies},
	Pages = {281-308},
	Title = {Default Risk Cannot Explain the Muni Puzzle: Evidende from Municipal Bonds That are Secured by U.S. Treasury Obligations},
	Volume = {11},
	Year = {1998}}

@article{CHAN/CHEN/88,
	Author = {Chan, KC and Chen, Nai-Fu},
	Journal = {Journal of Financial Economics},
	Pages = {309-325},
	Title = {An Unconditional Asset Pricing Test and the Role of Firm Size as an Instrumental Variable for Risk},
	Volume = {14},
	Year = {1988}}

@unpublished{CHAN/CHAN/FONG/02,
	Address = {Hong Kong},
	Author = {Chan, Kalok and Chan, Yue-Cheong and Fong, Wai-Ming},
	Institution = {Hong Kong University of Science and Technology},
	Title = {Free Float and Market Liquidity: Evidence from Hong Kong Government Intervention, Working Paper},
	Year = {2002}}

@techreport{CHEN/KAN/89,
	Address = {University of Chicago},
	Author = {Chen, Nai-Fu and Kan Raymond},
	Institution = {Center for Research in Security Prices},
	Title = {Expected Return and the bid-ask spread},
	Type = {Working Paper},
	Year = {1989}}

@article{CHOR/ROLL/SUBR/00,
	Author = {Chordia, Tarun and Roll, Richard and Subrahmanyam, Avanidhar},
	Journal = {Journal of Financial Economics},
	Pages = {3-28},
	Title = {Commonality in Liquidity},
	Volume = {56},
	Year = {2000}}

@article{CHRI/EICH/95,
	Author = {Chistiano, Lawrence J. and Eichenbaum, Martin},
	Journal = {Journal of Money, Credit and Banking},
	Pages = {1113-1136},
	Title = {Liquidity Effects, Monetary Policy, and the Business Cycle},
	Volume = {27},
	Year = {1995}}

@article{CHRI/EICH/92,
	Author = {Chistiano, Lawrence J. and Eichenbaum, Martin},
	Journal = {American Economic Review},
	Pages = {346-353},
	Title = {Liquidity Effects and the Monetary Transmission Mechanism},
	Volume = {82},
	Year = {1992}}

@article{CHRI/EICH/EVAN/96,
	Author = {Chistiano, Lawrence J. and Eichenbaum, Martin and Evans, Charles},
	Journal = {Review of Economics and Statistics},
	Pages = {16-34},
	Title = {The Effects of Monetary Policy Shocks: Evidence from the Flow of Funds},
	Volume = {78},
	Year = {1996}}

@book{COCH/01,
	Address = {Princeton},
	Author = {Cochrane, John H.},
	Publisher = {Princeton University Press},
	Title = {Asset Pricing},
	Year = {2001}}

@unpublished{COCH/05,
	Author = {Cochrane, John},
	Note = {NBER Asset Pricing Program Report},
	Title = {Liquidity, Trading, and Asset Prices},
	Year = {2005}}

@article{COVA/STAF/07,
	Author = {Coval, Joshua D. and Stafford, Erik},
	Journal = {Journal of Financial Economics},
	Pages = {479-512},
	Title = {Asset fire sales (and purchases) in equity markets},
	Volume = {86},
	Year = {2007}}

@article{COLE/OHAN/02,
	Author = {Cole, Harold L. and Ohaninian, Lee E.},
	Journal = {Journal of Monetary Economics},
	Pages = {653-686},
	Title = {Shrinking Money: the Demand for Money and the Nonneutrality of Money},
	Volume = {49},
	Year = {2002}}

@article{CONN/KORA/88,
	Author = {Connor, Gregory and Korajczyk, Robert A.},
	Journal = {Journal of Financial Economics},
	Pages = {255-289},
	Title = {Risk and Return in an Equilibrium APT: Application of a New Test Methodology},
	Volume = {21},
	Year = {1988}}

@article{CONS/86,
	Author = {Constantinides, George M.},
	Journal = {Journal of Political Economy},
	Pages = {842-862},
	Title = {Capital Market Equilibrium with Transaction Costs},
	Volume = {94},
	Year = {1986}}

@article{COOL/HANS/89,
	Author = {Cooley, Thomas and Hansen, Gary},
	Journal = {American Economic Review},
	Pages = {733-748},
	Title = {The Inflation Tax in a Real Business Cycle Model},
	Volume = {79},
	Year = {1989}}

@article{CORN/SHAP/89,
	Author = {Cornell, Bradford and Shapiro, Alan C.},
	Journal = {Review of Financial Studies},
	Pages = {297-310},
	Title = {The Misspricing of US Treasury Bonds: a Case Study},
	Volume = {2},
	Year = {1989}}

@article{CRAB/TURN/95,
	Author = {Crabbe, Leland E. and Turner, Christopher M.},
	Journal = {Journal of Finance},
	Pages = {1719-1734},
	Title = {Does the Liquidity of a Debt Issue Increase with Its Size? Evidence from the Corporate Bond and Medium-Term Note Markets},
	Year = {1995}}

@article{COPE/GALA/83,
	Author = {Copeland, Thomas E. and Galai, Dan},
	Journal = {Journal of Finance},
	Pages = {1457-1469},
	Title = {Information Effects on the Bid-Ask Spread},
	Volume = {38},
	Year = {1983}}

@article{DANI/TITM/97,
	Author = {Daniel, Kent and Titman, Sheridan},
	Journal = {Journal of Finance},
	Pages = {1-33},
	Title = {Evidence on the Characteristics of Cross Sectional Variation in Stock Returns},
	Volume = {52},
	Year = {1997}}

@unpublished{DA/GAO/07,
	Author = {Da, Zhi and Gao, Pengjie},
	Note = {Working Paper, Northwestern University},
	Title = {Clientele Change, Liquidity shock, and the Return on Financially Distressed Stocks},
	Year = {2007}}

@book{DEBR/81,
	Address = {New York},
	Author = {De Bruijn, N. G.},
	Publisher = {Dover Books in Mathematics},
	Title = {Asymptotic Methods in Analysis},
	Year = {1981}}

@article{DELO/SHLE/SUMM/WALD/90,
	Author = {De Long, Bradford J. and Shleifer, Andrei and Summers, Lawrence H. and Waldmann, Robert J.},
	Journal = {Journal of Political Economy},
	Pages = {703-738},
	Title = {Noise Trader Risk in Financial Markets},
	Volume = {98},
	Year = {1990}}

@article{DEMA/DUFF/99,
	Author = {DeMarzo, Peter and Duffie, Darrell},
	Journal = {Econometrica},
	Pages = {65-100},
	Title = {A Liquidity-Based Model of Security Design},
	Volume = {67},
	Year = {1999}}

@article{DEMA/VAYA/ZWIE/03,
	Author = {DeMarzo, Peter and Vayanos, Dimitri and Zwiebel, Jeff},
	Journal = {Quaterly Journal of Economics},
	Pages = {909-968},
	Title = {Persuasion Bias, Social Influence, and Uni-Dimensional Opinions},
	Volume = {118},
	Year = {2003}}

@article{DEMS/68,
	Author = {Demsetz, Harold},
	Journal = {The Quarterly Journal of Economics},
	Pages = {33-53},
	Title = {The Cost of Transacting},
	Volume = {82},
	Year = {1968}}

@article{DENH/RAME/WATS/02,
	Author = {Den Haan, Wounter J. and Ramey, Garey and Watson, Joel},
	Journal = {Forthcoming, Journal of Monetary Economics},
	Title = {Liquidity Flow and Fragility of Business Enterprises},
	Year = {2002}}

@book{DESC/41,
	Author = {Descartes, Ren\'{e}},
	Publisher = {Penguin Classics},
	Title = {Meditations and other philosophical writings},
	Year = {1641}}

@article{DIAM/82,
	Author = {Diamond, Peter A.},
	Journal = {Journal of Political Economy},
	Pages = {881-894},
	Title = {Aggregate Demand Management in Search Equilibrium},
	Volume = {90},
	Year = {1982}}

@article{DIAM/90,
	Author = {Diamond, Peter},
	Journal = {The Quaterly Journal of Economics},
	Number = {2},
	Pages = {285-319},
	Title = {Pairwise Credit In Search Equilibrium},
	Volume = {105},
	Year = {1990}}

@article{DIAM/DYBV/83,
	Author = {Diamond, Douglas W. and Dybvig, Philip H.},
	Journal = {Journal of Political Economy},
	Pages = {401-417},
	Title = {Bank Runs, Deposit Insurance, and Liquidity},
	Volume = {91},
	Year = {1983}}

@book{DIVI/88,
	Address = {Washington DC},
	Author = {Division of Market Regulation, U.S. Security Exchange Commission},
	Publisher = {US Government Printing Office},
	Title = {The October 1987 Market Break},
	Year = {1988}}

@article{DUFF/96,
	Author = {Duffie, Darrell},
	Journal = {Journal of Finance},
	Pages = {493-526},
	Title = {Special Repo Rates},
	Volume = {51},
	Year = {1996}}

@article{DUFF/98,
	Author = {Duffie, Darrell},
	Journal = {Financial Analyst Journal},
	Title = {Credit Swap Valuation},
	Year = {1999}}

@book{DUFF/01,
	Address = {Princeton},
	Author = {Duffie, Darrell},
	Publisher = {Princeton University Press},
	Title = {Dynamic Asset Pricing Theory},
	Year = {2001}}

@article{DUFF/GARL/PEDE/07,
	Author = {Duffie, Darrell and G\^{a}rleanu, Nicolae and Pedersen, Lasse H.},
	Journal = {Review of Financial Studies},
	Pages = {1865-1900},
	Title = {Valuation in Over-the-Counter Markets},
	Volume = {20},
	Year = {2007}}

@article{DUFF/GARL/PEDE/05,
	Author = {Duffie, Darrell and G\^{a}rleanu, Nicolae and Pedersen, Lasse H.},
	Journal = {Econometrica},
	Pages = {1815-1847},
	Title = {Over-the-Counter Markets},
	Volume = {73},
	Year = {2005}}

@article{DUFF/GARL/PEDE/02,
	Author = {Duffie, Darrell and G\^{a}rleanu, Nicolae and Pedersen, Lasse H.},
	Journal = {Journal of Financial Economics},
	Pages = {307-339},
	Title = {Securities Lending, Shorting, and Pricing},
	Volume = {66},
	Year = {2002}}

@article{DUFF/HUAN/85,
	Author = {Duffie, Darrell and Huang, Chi-Fu},
	Journal = {Econometrica},
	Pages = {1337-1356},
	Title = {Implementing Arrow-Debreu Equilibria by Continuous Trading of Few Long-Lived Securities},
	Volume = {53},
	Year = {1985}}

@article{DUFF/MANS/07,
	Author = {Duffie, Darrell and Manso, Gustavo},
	Journal = {American Economic Review, Papers and Proceedings},
	Page = {203-209},
	Title = {Information Diffusion in Large Population},
	Volume = {97},
	Year = {2007}}

@article{DUFF/MALA/MANS/09,
	Author = {Duffie, Darrel and Malamud, Semyon and Manso, Gustavo},
	Journal = {Econometrica},
	Note = {Forthcoming},
	Title = {Information Percolation with Equilibrium Search Dynamics},
	Year = {2009}}

@unpublished{DUFF/SUN/04,
	Address = {Stanford University,},
	Author = {Duffie, Darrell and Sun, Yeneng},
	Institution = {Graduate School of Business},
	Title = {Existence of Independent Random Matching, Working Paper},
	Year = {2004}}

@article{DUFF/SING/97,
	Author = {Duffie, Darrell and Singleton, Kenneth J.},
	Journal = {Journal of Finance},
	Pages = {1287-1321},
	Title = {An Econometric Model of the Term STructure of Interest-Rate Swap Yields},
	Volume = {52},
	Year = {1997}}

@book{DUFF/SING/03,
	Address = {Princeton, New Jersey},
	Author = {Duffie,Darrell and Singleton, Kenneth J.},
	Publisher = {Princeton University Press},
	Title = {Credit Risk: Pricing, Measurement, and Management},
	Year = {2003}}

@unpublished{DUFF/SUN/04b,
	Address = {Stanford University,},
	Author = {Duffie, Darrell and Sun, Yeneng},
	Institution = {Graduate School of Business},
	Title = {The Exact Law of Large Numbers for Independent Random Matching, Working Paper},
	Year = {2004}}

@unpublished{DUFF/ZHU/10,
	Address = {Stanford University,},
	Author = {Duffie, Darrell and Zhu, Haoxiang},
	Institution = {Graduate School of Business},
	Title = {Does a Central Clearing Counterparty Reduce Counterparty Risk, Working Paper},
	Year = {2010}}

@article{DUPO/SACK/99,
	Author = {Dupont, Dominique and Sack, Brian},
	Journal = {Federal Reserve Bulletin},
	Pages = {785-806},
	Title = {The Treasury Securities Market: Overview and Recent Developments},
	Volume = {December},
	Year = {1999}}

@book{ECKL/TEMA/87,
	Author = {Eckland, Ivan and T\'{e}man, Roger},
	Publisher = {Society for Industrial Mathematics},
	Title = {Convex Analysis and Variational Problems},
	Year = {1987}}

@article{ECON/SIOW/88,
	Author = {Economides, Nicholas and Siow, Aloysius},
	Journal = {American Economic Review},
	Pages = {108-121},
	Title = {The Division of Markets is Limited by the Extent of Liquidity},
	Volume = {78},
	Year = {1988}}

@article{EECK/04,
	Author = {Ecckout, Jan},
	Journal = {American Economic Review},
	Pages = {1429-1451},
	Title = {Gibrat's Law for (all) Cities},
	Volume = {94},
	Year = {2004}}

@article{ELES/97,
	Author = {Eleswarapu, Venkat R.},
	Journal = {Journal of Finance},
	Pages = {2113-2127},
	Title = {Cost of Transacting and Expected Returns in the NASDAQ Markets},
	Volume = {52},
	Year = {1997}}

@article{ELLI/FUDE/03,
	Author = {Ellison, Glenn and Fudenberg, Drew},
	Journal = {Quaterly Journal of Economics},
	Pages = {1249-1278},
	Title = {Knife Edge of Plateau: When do Markets Tip},
	Volume = {118},
	Year = {2003}}

@unpublished{ELLU/HOLD/JAIN/JENN/07,
	Author = {Ellul, Andrew and Holden, Graig W. and Jain, Pankaj K. and Jennings, Robert H.},
	Note = {Working paper, Indiana University Bloomington},
	Title = {Order Dynamics: Recent Evidence from the NYSE},
	Year = {2007}}

@article{EISE/NOE/01,
	Author = {Eisenberg, Larry and Noe, Thomas H.},
	Journal = {Management Sciece},
	Pages = {236-249},
	Title = {Systemic Risk in Financial Systems},
	Volume = {February},
	Year = {2001}}

@article{EDWA/97,
	Author = {Edwards, Cheryl L.},
	Journal = {Federal Reserve Board Bulletin},
	Pages = {859-874},
	Title = {Open Market Operations in the 1990s},
	Volume = {November},
	Year = {1997}}

@unpublished{EDWA/HARR/PIWO/04,
	Author = {Edwards, Amy K. and Harris, Lawrence E. and Piwowar, Michael S.},
	Institution = {U.S. Securities and Exchange Commission},
	Title = {Corporate Bond Market: Transparency and Transaction Costs, Working Paper},
	Year = {2004}}

@article{EPST/SCHN/07,
	Author = {Epstein, Larry G. and Schneider, Martin},
	Journal = {Journal of Finance},
	Note = {Forthcoming},
	Title = {Ambiguity, Information Quality, and Asset Pricing},
	Year = {2007}}

@article{FAMA/MCBE/73,
	Author = {Fama, Eugene F. and MacBeth, James},
	Journal = {Journal of Political Economy},
	Pages = {607-636},
	Title = {Risk, Return and Equilibrium:Empirical Tests},
	Volume = {81},
	Year = {1973}}

@article{FAMA/FREN/93,
	Author = {Fama, Eugene F. and French, Kenneth R.},
	Journal = {Journal of Financial Economics},
	Pages = {131-156},
	Title = {Common Risk Factors in the Returns on Stock and Bonds},
	Volume = {33},
	Year = {1993}}

@article{FAUS/SWAN/WRIG/04,
	Author = {Faust, Jon and Swanson, Eric T. and Wright, Jonathan H.},
	Journal = {The B.E. Journal in Macroeconomics},
	Notes = {Article 10},
	Title = {Do Federal Reserve Policy Surprises Reveal Superior Information about the Economy?},
	Volume = {4},
	Year = {2004}}

@article{FISH/02,
	Author = {Fisher, Mark},
	Journal = {Federal Reserve Bank of Atlanta Economic Review},
	Pages = {27-43},
	Title = {Special Repo Rates: An Introduction},
	Volume = {Second Quarter},
	Year = {2002}}

@article{FLEM/02,
	Author = {Fleming, Michael J.},
	Journal = {Journal of Money, Credit, and Banking},
	Pages = {707-35},
	Title = {Are Larger Treasury Issues More Liquid? Evidence from Bill Reopenings},
	Volume = {3},
	Year = {2002}}

@article{FLEM/97,
	Author = {Fleming, Michael J.},
	Journal = {Federal Reserve Bank of New York Economic Policy Review},
	Pages = {9-32},
	Title = {The Round-the-Clock Market for U.S. Treasury Securities},
	Year = {1997}}

@article{FLEM/03,
	Author = {Fleming, Michael J.},
	Journal = {Federal Reserve Bank of New York Economic Policy Review},
	Pages = {83-107},
	Title = {Measuring Treasury Market Liquidity},
	Year = {2003}}

@article{FLEM/GARB/02,
	Author = {Fleming, Michael J. and Garbade, Kenneth D.},
	Journal = {Federal Reserve Bank of New-York Economic Policy Review},
	Pages = {35-57},
	Title = {When the Back-Office Moved to the Front Burner: Settlement Fails in the Treasury Market after 9/11},
	Volume = {November},
	Year = {2002}}

@article{FOUC/99,
	Author = {Foucault, Thierry},
	Journal = {Journal of Financial Markets},
	Pages = {99-134},
	Title = {Order Flow Composition and Trading Costs in a Dynamic Limit Order Market},
	Volume = {2},
	Year = {1999}}

@article{FOUC/KADA/KAND/05,
	Author = {Foucault, Thierry and Kadan, Ohad and Kandel, Eugene},
	Journal = {Review of Financial Studies},
	Pages = {1171-1217},
	Title = {Limit Order Book as a Market for Liquidity},
	Volume = {18},
	Year = {2005}}

@article{FREE/96,
	Author = {Freeman, Scott},
	Journal = {American Economic Review},
	Pages = {1126-1138},
	Title = {The Payment System, Liquidity, and Rediscounting},
	Volume = {86},
	Year = {1996}}

@article{FREE/99,
	Author = {Freeman, Scott},
	Journal = {Journal Monetary Economics},
	Pages = {197-216},
	Title = {Rediscounting under Aggregate Uncertainty},
	Volume = {43},
	Year = {1999}}

@article{FREI/PARI/ROCH/00,
	Author = {Freixas, Xavier and Parigi, Bruno M. and Rochet, Jean-Charles},
	Journal = {Journal of Money, Credit, and Banking},
	Pages = {611-637},
	Title = {Systemic Risk, Interbank Relations, and Liquidity Provision by the Central Bank},
	Volume = {32},
	Year = {2000}}

@incollection{FRIE/KUTT/91,
	Address = {Chicago},
	Author = {Friedman, Benjamin M. and Kuttner, Kenneth N.},
	Booktitle = {Business Cycles, Indicators, and Forecasting},
	Editor = {Stock, James H. and Watson, Mark W.},
	Publisher = {University of Chicago Press},
	Title = {Why Does the Paper-Bill Spread Predict Real Economic Activity?},
	Year = {1991}}

@article{FRIE/KUTT/98,
	Author = {Friedman, Benjamin M. and Kuttner, Kenneth N.},
	Journal = {Review of Economics and Statistics},
	Pages = {34-44},
	Title = {Indicator Properties of the Paper-Bill Spread: Lessons from Recent Experience},
	Volume = {80},
	Year = {1998}}

@article{FRIE/SCHW/63,
	Author = {Friedman, Milton and Schwartz, Anna J.},
	Journal = {Review of Economics and Statistics},
	Pages = {32-64},
	Title = {Money and Business Cycles},
	Volume = {45},
	Year = {1963}}

@article{FROO/SCHAR/STEI/93,
	Author = {Froot, Kenneth A. and Scharfestein, David S. and Stein, Jeremy C.},
	Journal = {Journal of Finance},
	Pages = {1629-1658},
	Title = {Risk Management: Coordinating Corporate Investment and Financing Policies},
	Volume = {48},
	Year = {1993}}

@article{FUCH/LIPP/06,
	Author = {Fuchs, William and Lippi,Francesco},
	Journal = {Review of Economic Studies},
	Pages = {437-457},
	Title = {Monetary Union with Voluntary Participation},
	Year = {2006}}

@article{FUCH/07,
	Author = {Fuchs, William},
	Journal = {American Economic Review},
	Note = {Forthcoming},
	Title = {Contracting with Repeated Moral Hazard and Private Evaluations},
	Year = {2007}}

@unpublished{FUJI/GREE/YAMA/99,
	Address = {Minneapolis},
	Author = {Fujiki Hiroshi and Green, Edward J. and Yamazaki, Akira},
	Institution = {Federal Reserve Bank of Minneapolis},
	Note = {Federal Reserve Bank of Minneapolis},
	Title = {Sharing the Risk of Settlement Failure, Working Paper},
	Year = {1999}}

@unpublished{GABA/KRIS/VIGN/04,
	Author = {Gabaix, Xavier and Krishnamurthy, Arvind and Vigneron, Olivier},
	Institution = {Kellogg School of Management},
	Note = {Northwestern University},
	Title = {Limits of Arbitrage: Theory and Evidence from the Mortgage-Backed Securities Market, Working Paper},
	Year = {2004}}

@article{GABA/LAIB/02,
	Author = {Gabaix, Xavier and Laibson, David},
	Journal = {NBER Macroeconomics Annual},
	Pages = {257-312},
	Title = {The 6D Bias and the Equity Premium Puzzle},
	Volume = {16},
	Year = {2002}}

@article{GABR/STUA/01,
	Author = {Gabriel, Stuart A. and Nothaft, Frank E.},
	Journal = {Journal of Urban Economics},
	Pages = {121-149},
	Title = {Rental Housing Markets, the Incidence and Duration of Vacancy, and the Natural Vacancy Rate},
	Volume = {49},
	Year = {2001}}

@article{GALE/HELL/85,
	Author = {Gale, Douglas and Hellwig, Martin},
	Journal = {Review of Economic Studies},
	Pages = {647-663},
	Title = {Incentive-Compatible Debt Contracts: The One-Period Problem},
	Volume = {52},
	Year = {1985}}

@unpublished{GALE/KARI/03,
	Author = {Gale, Douglas and Kariv, Shachar},
	Institution = {Department of Economics, New York University},
	Title = {Bayesian Learning in Social Networks, Working Paper},
	Year = {2003}}

@article{GOYA/SANT/03,
	Author = {Goyal, Amit and Santa-Clara, Pedro},
	Journal = {Journal of Finance},
	Pages = {975-1007},
	Title = {Idiosyncratic Risk Matters!},
	Volume = {58},
	Year = {2003}}

@unpublished{MING/08,
	Author = {M\'{i}nguez Afonso, Gara},
	Institution = {Working paper, LSE},
	Title = {Liquidity and Congestion},
	Year = {2008}}

@article{GLAE/LUTT/03,
	Author = {Glaeser, Edward L. and Luttmer, Erzo F. P.},
	Journal = {American Economic Review},
	Pages = {1027-1046},
	Title = {The Misallocation of Housing Under Rent Control},
	Volume = {93},
	Year = {2003}}

@article{GARB/SILB/79,
	Author = {Garbade, Kenneth D. and Silber, William L.},
	Journal = {Journal of Finance},
	Pages = {577-593},
	Title = {Structural Organization of Secondary Markets: Clearing Frequency, Dealer Activity, and Liquidity Risk},
	Volume = {34},
	Year = {1979}}

@article{GARL/09,
	Author = {G\^{a}rleanu, Nicolae},
	Journal = {Journal of Economic Theory},
	Pages = {532-564},
	Title = {Portfolio Choice and Pricing in Illiquid Markets},
	Volume = {144},
	Year = {2009}}

@article{GARM/76,
	Author = {Garman, Mark},
	Journal = {Journal of Financial Economics},
	Pages = {257-275},
	Title = {Market Microstructure},
	Volume = {3},
	Year = {1976}}

@unpublished{GAVA/ALESS/07,
	Author = {Gavazza, Alessandro},
	Institution = {Yale University School of Management},
	Note = {Working Paper},
	Title = {Liquidity in Real Asset Markets},
	Year = {2007}}

@unpublished{GLAE/GYOU/06,
	Author = {Glaeser, Edward L. and Gyourko, Joseph},
	Institution = {NBER},
	Note = {Working Paper},
	Title = {Housing Dynamics},
	Year = {2006}}

@article{GLOS/94,
	Author = {Glosten, Lawrence R.},
	Journal = {The Journal of Finance},
	Pages = {1127-1161},
	Title = {Is the Electronic Open Limit Order Book Inevitable? Is the Electronic Open Limit Order Book Inevitable?},
	Volume = {49},
	Year = {1994}}

@article{GOLD/KAVA/04,
	Author = {Goldstein, Michael A. and Kavajecz, Kenneth A.},
	Journal = {Journal of Financial Markets},
	Pages = {301-333},
	Title = {Trading Strategies during Circuit Breakers and Extreme Market Movements},
	Volume = {7},
	Year = {2004}}

@article{GOET/PARL/RAJA/05,
	Author = {Goettler, Ronald L. and Parlour, Christine A. and Rajan, Uday},
	Journal = {Journal of Finance},
	Pages = {2149-2192},
	Title = {Equilibrium in a Dynamic Limit Order Market},
	Volume = {60},
	Year = {2005}}

@article{GOET/PARL/RAJA/09,
	Author = {Goettler, Ronald L. and Parlour, Christine A. and Rajan, Uday},
	Journal = {Journal of Financial Economics},
	Note = {Forthcoming},
	Title = {Informed Traders and Limit Order Markets},
	Year = {2009}}

@unpublished{GOLD/KAVA/00,
	Author = {Goldstein, Michael A. and Kavajecz, Kenneth A.},
	Journal = {Journal of Financial Markets},
	Title = {Trading Strategies during Circuit Breakers and Extreme Market Movements},
	Volume = {Forthcoming},
	Year = {2003}}

@unpublished{GOLD/HANK/NATH/02,
	Address = {London Business School,},
	Author = {Goldreich, David and Hanke, Bernd and Nath, Purnendu},
	Institution = {Institute of Finance and Accounting},
	Title = {The Price of Future Liquidity: Time-Varying Liquidity in the U.S. Treasury Market, Working Paper},
	Year = {2002}}

@unpublished{GOLO/LORE/TSYV/08,
	Author = {Golosov, Mikhail and Lorenzoni, Guido and Tsyvinski, Aleh},
	Note = {Working Paper, MIT and Yale},
	Title = {Decentralized Trading with Private Information},
	Year = {2008}}

@article{GOOD/LACK/99,
	Author = {Lacker, Jeffrey M. and Goodfriend, Mavin},
	Journal = {Federal Reserve Bank of Richmond Economic Quarterly},
	Title = {Limited Commitment and Central Bank Lending},
	Year = {1999}}

@article{GOOD/LACK/05,
	Author = {Goettler, Ronald L. and Parlour, Christine A. and Rajan, Uday},
	Journal = {Journal of Finance},
	Title = {Equilibrium in a Dynamic Limit Order Book},
	Volume = {Forthcoming},
	Year = {2005}}

@unpublished{GRAV/MCBR/04,
	Address = {Stanford University,},
	Author = {Graveline, Jeremy J. and McBrady, Matthey R.},
	Institution = {Graduate School of Business},
	Title = {Who Makes the On-The-Run Treasuries Special?, Working Paper},
	Year = {2004}}

@article{GREE/PORT/84,
	Author = {Green, Edward J. and Porter, Robert H.},
	Journal = {Econometrica},
	Number = {1},
	Pages = {83-100},
	Title = {Noncooperative Collusion Under Imperfect Price Information},
	Volume = {52},
	Year = {1984}}

@article{GREE/ZHOU/98,
	Author = {Green, Edward J. and Zhou, Ruilin},
	Journal = {Journal of Economic Theory},
	Number = {2},
	Pages = {252-271},
	Title = {A Rudimentary Random-Matching Model with Divisible Money and Prices},
	Volume = {81},
	Year = {1998}}

@article{GREE/99,
	Author = {Green, Edward J.},
	Journal = {Federal Reserve Bank of Minneapolis Quaterly Review},
	Pages = {13-29},
	Title = {Money and Debt in the Structure of Payments},
	Volume = {23},
	Year = {1999}}

@article{GREE/ZHOU/02,
	Author = {Green, Edward J. and Zhou, Ruilin},
	Journal = {Econometrica},
	Number = {3},
	Pages = {929-969},
	Title = {Dynamic Monetary Equilibrium in a Random Matching Economy},
	Volume = {70},
	Year = {2002}}

@unpublished{GREE/91,
	Author = {Green, Edward J.},
	Institution = {University of Minnesota and Federal Reserve Bank of Minneapolis},
	Title = {Eliciting Traders' Knowledge in {``}Frictionless{"} Asset Markets, Working Paper},
	Year = {1991}}

@article{GREE/03,
	Author = {Greenberg, Maurice},
	Journal = {Financial Times},
	Month = {October 10{,}},
	Title = {Shake up the NYSE Specialist System or Drop it},
	Year = {2003}}

@article{GREE/STEI/91,
	Author = {Greenwald, Bruce and Stein, Jeremy},
	Journal = {Journal og Business},
	Pages = {443-462},
	Title = {Transactional Risk, Market Crashes, and the Role of Circuit Breakers},
	Volume = {64},
	Year = {1991}}

@article{GREE/STEI/88,
	Author = {Greenwald, Bruce and Stein, Jeremy},
	Journal = {Journal of Economic Perspective},
	Pages = {3-23},
	Title = {The Task Force Report: The Reasoning Behind the Recommendations},
	Volume = {2},
	Year = {1988}}

@article{GREE/STEI/03,
	Author = {Greenwald, Bruce C. and Stein, Jeremy C.},
	Journal = {The Journal of Business},
	Pages = {443-462},
	Title = {Transactional Risk, Market Crashes, and the Role of Circuit Breakers},
	Volume = {64},
	Year = {1991}}

@article{GREE/05,
	Author = {Greenwood, Robin},
	Journal = {Journal of Financial Economics},
	Pages = {607-650},
	Title = {Short and Long-term Demand Curves for Stocks: Theory and Evidence on the Dynamics of Arbitrage},
	Volume = {75},
	Year = {2005}}

@article{GRIF/SMIT/TURN/WHIT/00,
	Author = {Griffiths, Mark D. and Smith, Brian F. and Turnbull, D. Alasdair and White,Robert W.},
	Journal = {Journal of Financial Economics},
	Pages = {65-88},
	Title = {The Costs and Determinants of Order Aggressiveness},
	Volume = {56},
	Year = {2000}}

@article{GRIL/57,
	Author = {Griliches, Zvi},
	Journal = {Econometrica},
	Pages = {501-522},
	Title = {Hybrid Corn and the Economics of Innovation},
	Volume = {25},
	Year = {1957}}

@article{GROM/VAYA/02,
	Author = {Gromb, Denis and Vayanos, Dimitri},
	Journal = {Journal of Financial Economics},
	Pages = {361-407},
	Title = {Equilibrium and Welfare in Markets with Financially Constraint Arbitrageurs},
	Volume = {66},
	Year = {2002}}

@article{GROS/MILL/88,
	Author = {Grossman, Sanford J. and Miller, Merton H.},
	Journal = {Journal of Finance},
	Pages = {617-637},
	Title = {Liquidity and Market Structure},
	Volume = {43},
	Year = {1988}}

@article{GROS/WEIS/83,
	Author = {Grossman, Sanford J. and Weiss, Laurence},
	Journal = {American Economic Review},
	Pages = {871-880},
	Title = {A Transaction-Based Model of the Monetary Transmission Mechanism},
	Volume = {73},
	Year = {1983}}

@article{HALL/79,
	Author = {Hall, Robert E.},
	Journal = {Journal of Monetary Economics},
	Pages = {153-169},
	Title = {A Theory of the Natural Unemployment Rate and the Duration of Employment},
	Volume = {5},
	Year = {1979}}

@article{HALL/RUST/03,
	Author = {Hall, George and Rust, John},
	Journal = {Journal of Political Economy},
	Pages = {353-403},
	Title = {Middlemen versus Market Makers: A Theory of Competitive Exchange},
	Volume = {111},
	Year = {2003}}

@article{HANS/NAIK/VISW/98,
	Author = {Hansch, Oliver and Naik, Narayan Y. and Viswanathan, S.},
	Journal = {Journal of Finance},
	Pages = {1623-1656},
	Title = {Do Inventories Matter in Dealership Markets? Evidence from the London Stock Exchange},
	Volume = {53},
	Year = {1998}}

@book{HARR/03,
	Address = {New York, New York},
	Author = {Harris, Larry},
	Publisher = {Oxford University Press},
	Title = {Trading and Exchanges: Market Microstructure for Practitioners},
	Year = {2003}}

@unpublished{HASB/SAAR/02,
	Author = {Hasbrouck, Joel and Saar, Gideon},
	Note = {Working paper, NYU},
	Title = {Limit Orders and Volatility in a Hybrid Market: The Island ECN},
	Year = {2002}}

@article{HASB/SEPP/01,
	Author = {Hasbrouck, Joel and Seppi, Duane J. Seppi},
	Journal = {Journal of Financial Economics},
	Title = {Common Factors in Prices, Order Flows and Liquidity},
	Volume = {59},
	Year = {2001}}

@unpublished{HASB/SOFI/SOSE/93,
	Author = {Hasbrouck, Joel and Sofianos, George and Sosebee, Deborah},
	Institution = {New York Stock Exchange},
	Title = {New York Stock Exchange Systems and Trading Procedures, Working Paper},
	Year = {1993}}

@article{HASB/SOFI/93,
	Author = {Hasbrouck, Joel and Sofianos, George},
	Journal = {Journal of Finance},
	Pages = {1565-1593},
	Title = {The Trades of Market Makers: An Empirical Analysis of NYSE Specialists},
	Volume = {48},
	Year = {1993}}

@article{HAUG/BAKE/96,
	Author = {Haugen, Robert A. and Baker, Nardin L.},
	Journal = {Journal of Financial Economics},
	Pages = {401-439},
	Title = {Commonality in the Determinant of Expected Stock Returns},
	Volume = {41},
	Year = {1996}}

@unpublished{HELL/05,
	Author = {Hellwig, Christian},
	Intitution = {University of California Los Angeles},
	Title = {Heterogeneous Information and the Welfare Effects of Public Information Disclosures, Working paper},
	Year = {2005}}

@article{HEND/JONE/10,
	Author = {Hendershott, Terrence and Jones, Charles M. and Menkveld, Albert J.},
	Journal = {Forthcoming, Journal of Finance},
	Title = {Does Algorithmic Trading Improve Liquidity?},
	Year = {2010}}

@unpublished{HE/KRIS/08a,
	Author = {He, Zhiguo and Krishnamurthy, Arvind},
	Institution = {Booth School of Business and Kellogg School of Business},
	Note = {Working Paper},
	Title = {A Model of Capital and Crises},
	Year = {2008}}

@unpublished{HE/KRIS/08b,
	Author = {He, Zhiguo and Krishnamurthy, Arvind},
	Institution = {Booth School of Business and Kellogg School of Business},
	Note = {Working Paper},
	Title = {Intermediary Asset Pricing},
	Year = {2008}}

@article{HEAT/LUCA/96,
	Author = {Heaton, John and Lucas, Deborah J.},
	Journal = {Journal of Political Economy},
	Pages = {443-487},
	Title = {Evaluating the Effects of Incomplete Markets on Risk Sharing and Asset Pricing},
	Volume = {104},
	Year = {1996}}

@article{HEND/SEAS/07,
	Author = {Hendershott, Terry and Seasholes, Mark S.},
	Journal = {American Economic Review (P\&P)},
	Pages = {210-214},
	Title = {Marketmaker Inventories and Stock Prices, Working Paper},
	Volume = {97},
	Year = {2007}}

@unpublished{HEND/MOUL/SEAS/06,
	Author = {Hendershott, Terry and Moutlon, Pamela and Seasholes, Mark S.},
	Institution = {U.C. Berkeley-Haas School of Business},
	Title = {Capital Constrains and Stock Market Liquidity, Working Paper},
	Year = {2006}}

@unpublished{HEND/JONE/MENK/07,
	Author = {Hendershott, Terrence and Jones, Charles M. and Menkveld, Albert J.},
	Note = {Working paper, UC Berkeley},
	Title = {Does Algorithmic Trading Improve Liquidity?},
	Year = {2007}}

@article{HIRS/71,
	Author = {Hirshleifer, Jack},
	Journal = {American Economic Review},
	Pages = {561-574},
	Title = {The Private and Social Value of Information and the Reward to Inventive Activity},
	Volume = {61}}

@article{HO/STOL/81,
	Author = {Ho, Thomas and Stoll, Hans R.},
	Journal = {Journal of Financial Economics},
	Pages = {47-73},
	Title = {Optimal Dealer Pricing under Trading Transactions and Return Uncertainty},
	Volume = {9},
	Year = {1981}}

@article{HO/STOL/83,
	Author = {Ho, Thomas and Stoll, Hans R.},
	Journal = {Journal of Finance},
	Pages = {1053-1074},
	Title = {The Dynamics of Dealer Markets Under Competition},
	Volume = {38},
	Year = {1983}}

@article{HOLM/TIRO/98,
	Author = {Holmstrom, Bengt and Tirole, Jean},
	Journal = {The Journal of Political Economy},
	Number = {1},
	Pages = {1-40},
	Title = {Private and Public Supply of Liquidity},
	Volume = {106},
	Year = {1998}}

@article{HONG/SCHE/XION/06,
	Author = {Hong, Harrison and Scheinkman, Jos\'{e} and Xiong, Wei},
	Journal = {Journal of Finance},
	Pages = {1073-1117},
	Title = {Asset Float and Speculative Bubbles},
	Volume = {51},
	Year = {2006}}

@article{HOPE/WERN/96,
	Author = {Hopenhayn, Hugo A. and Werner, Ingrid M.},
	Journal = {Journal of Economic Theory},
	Pages = {349-379},
	Title = {Information, Liquidity, and Asset Trading in a Random Matching Game},
	Volume = {68},
	Year = {1996}}

@article{HORO/LOUG/SAVI/00,
	Author = {Horowitz, Joel L. and Loughran, Tim and Savin, N.E.},
	Journal = {Journal of Empirical Finance},
	Pages = {143-153},
	Title = {Three analyses of the firm size premium},
	Volume = {7},
	Year = {2000}}

@article{HOSI/90,
	Author = {Hosios, Arthur J.},
	Journal = {The Review of Economic Studies},
	Number = {1},
	Pages = {279-298},
	Title = {On the Efficiency of Matching and Related Models of Search and Unemployment},
	Volume = {57},
	Year = {1990}}

@unpublished{HU/97,
	Author = {Hu, Shing-Yang},
	Institution = {National Taiwan University},
	Title = {Trading Turnover and Expected Stock Returns: The Trading Frequency Hypothesis and Evidence from the Tokyo Stock Exchange, Working Paper},
	Year = {1997}}

@unpublished{HWAN/QUIG/04,
	Author = {Hwang, Min and Quigley, John},
	Intitution = {University of California, Berkeley},
	Title = {Economic Fundamentals in Local Housing Markets: Evidence from U.S. Metropolitan Regions, Working Paper},
	Year = {2004}}

@article{HUAN/02,
	Author = {Huang, Ming},
	Journal = {Journal of Economic Theory},
	Pages = {104-129},
	Title = {Liquidity Shocks and Equilibrium Liquidity Premia},
	Volume = {109},
	Year = {2003}}

@article{HUAN/STOL/96,
	Author = {Huang, Roger D. and Stoll, Hans R.},
	Journal = {Journal of Financial Economics},
	Pages = {313-357},
	Title = {Dealer versus Auction Markets: A Paired Comparison of Execution Costs on the NASDAQ and the NYSE},
	Volume = {41},
	Year = {1996}}

@article{HUAN/WANG/09,
	Author = {Huang, Jennifer and Wang, Jiang},
	Journal = {Journal of Financial Economics},
	Note = {Forthcoming},
	Title = {Market Liquidity, Asset Prices, and Welfare},
	Year = {2009}}

@article{HUBE/HALK/01,
	Author = {Huberman, Gur and Halka, Dominika},
	Journal = {Journal of Financial Research},
	Pages = {161-178},
	Title = {Systematic Liquidity},
	Volume = {24},
	Year = {2001}}

@book{IBBO/04,
	Address = {Chicago},
	Author = {Ibbotson},
	Publisher = {Ibbotson Associate},
	Title = {Stock, Bonds, Bills, and Inflation Statistical Yearbook},
	Year = {2004}}

@article{INDE/MULL/02,
	Author = {Inderst, Roman and Muller, Holger},
	Journal = {Economic Theory},
	Pages = {599-622},
	Title = {Search Markets for Durable Goods},
	Volume = {19},
	Year = {2002}}

@article{INDE/MULL/03,
	Author = {Inderst, Roman and Muller, Holger},
	Journal = {Journal of Financial Economics},
	Note = {Forthcoming},
	Title = {The Effect of Capital Market Characteristics on the Value of Start-up Firms},
	Year = {2003}}

@article{INDE/05,
	Author = {Inderst, Roman},
	Journal = {Journal of Economic Theory},
	Pages = {145-166},
	Title = {Matching Markets with Adverse Selection},
	Volume = {121},
	Year = {2005}}

@article{INDE/01,
	Author = {Inderst, Roman},
	Journal = {Review of Economic Studies},
	Pages = {849-868},
	Title = {Screening in a Matching Model},
	Volume = {68},
	Year = {2001}}

@article{INNE/90,
	Author = {Innes, Robert D.},
	Journal = {Journal of Economic Theory},
	Pages = {45-67},
	Title = {Limited Liability and Incentive Contracting with Ex-and Action Choices},
	Volume = {52},
	Year = {1990}}

@booklet{IR/02,
	Author = {{Investor Relations}},
	Title = {Volatility and the Specialist},
	Volume = {10},
	Year = {2002}}

@book{JOIN/92,
	Author = {Treasury and SEC and Board of Governors},
	Publisher = {Department of Treasury, Securities and Exchange Commission, and Board of Governors of the Federal Reserve System},
	Title = {Joint Report on the Government Securities Market},
	Year = {1992}}

@article{JORD/JORD/97,
	Author = {Jordan, Bradford D. and Jordan, Susan D.},
	Journal = {Journal of Finance},
	Pages = {2051-2072},
	Title = {Special Repo Rates: An Empirical Analysis},
	Volume = {52},
	Year = {1997}}

@book{JUDD/99,
	Address = {Boston},
	Author = {Judd, Kenneth L.},
	Publisher = {MIT Press},
	Title = {Numerical Methods in Economics},
	Year = {1999}}

@article{KADL/MCCO/94,
	Author = {Kadlec, Gregory B. and McConnell, John J.},
	Journal = {Journal of Finance},
	Pages = {611-636},
	Title = {The Effect of Market Segmentation and Illiquidity on Asset Price: Evidence from Exchange Listing},
	Volume = {49},
	Year = {1994}}

@book{KAMI/SCHW/91,
	Address = {New-York},
	Author = {Kamien, Morton I. and Schwartz, Nancy L.},
	Publisher = {North-Holland},
	Title = {Dynamic Optimization: the Calculus of Variation and Optimal Control Theory in Economics and Management},
	Year = {1991}}

@unpublished{KAMI/01,
	Address = {Kobe},
	Author = {Kamihigashi, Takashi},
	Institution = {Kobe University},
	Note = {Kobe University},
	Title = {A Simple Proof of the Necessity of the Transversality Condition, Working Paper},
	Year = {2001}}

@article{KHAN/LO/08,
	Author = {Khandani, Amir E. and Lo, Andrew W.},
	Journal = {Forthcoming, Journal of Financial Markets},
	Title = {What Happened to the Quants in {A}ugust 2007?},
	Year = {2008}}

@book{KARA/SHRE/91,
	Address = {New York},
	Author = {Karatzas, Ioannis and Shreve, Steven E.},
	Publisher = {Springer-Verlag},
	Title = {Brownian Motion and Stochastic Calculus},
	Year = {1991}}

@article{KASH/STEI/WILC/93,
	Author = {Kashyap, Anil K. and Stein, Jeremy C. and Wilcox, David W.},
	Journal = {American Economic Review},
	Pages = {78-98},
	Title = {Monetary Policy and Credit Conditions: Evidence from the Composition of External Finance},
	Volume = {83},
	Year = {1993}}

@article{KATZ/KENN/WALL/03,
	Author = {Katzman, Brett and Kennan, John and Wallace, Neil},
	Journal = {Journal of Economic Theory},
	Pages = {217-255},
	Title = {Output and Price Level Effects of Monetary Uncertainty in a Matching Model},
	Volume = {108},
	Year = {2003}}

@article{KEHO/LEVI/93,
	Author = {Kehoe, Timothy J. and Levine, David K.},
	Journal = {Review of Economic Studies},
	Pages = {865-888},
	Title = {Debt Constrained Asset Markets},
	Volume = {60},
	Year = {1993}}

@article{KAHN/ROBE/98,
	Author = {Kahn, Charles M. and Roberds, William},
	Journal = {Review of Financial Studies},
	Pages = {845-870},
	Title = {Payment System Settlement and Bank Incentives},
	Volume = {11},
	Year = {1998}}

@article{KEAN/96,
	Author = {Keane, Franck},
	Journal = {Current Issues in Economic of Finance},
	Note = {Federal Reverve Bank of New York},
	Title = {Repo Rate Patterns for New Treasury Notes},
	Year = {1996}}

@article{KEHO/LEVI/01,
	Author = {Kehoe, Timothy J. and Levine, David K.},
	Journal = {Econometrica},
	Pages = {575-598},
	Title = {Liquidity Constrained vs. Debt Constrained Markets},
	Volume = {69},
	Year = {2001}}

@article{KIYO/MOOR/97,
	Author = {Kiyotaki, Nobuhiro and Moore, John},
	Journal = {Journal of Political Economy},
	Pages = {211-248},
	Title = {Credit Cycles},
	Volume = {105},
	Year = {1997}}

@unpublished{KIYO/MOOR/97b,
	Address = {London},
	Author = {Kiyotaki, Nobuhiro and Moore, John},
	Institution = {London School of Economics},
	Note = {London School of Economics},
	Title = {Credit Chains},
	Year = {1997}}

@unpublished{KIYO/MOOR/00,
	Address = {London},
	Author = {Kiyotaki, Nobuhiro and Moore, John},
	Institution = {London School of Economics},
	Note = {London School of Economics},
	Title = {Inside Money and Liquidity, Working Paper},
	Year = {2000}}

@article{KIYO/WRIG/89,
	Author = {Kiyotaki, Nobuhiro and Wright, Randall},
	Journal = {Journal of Political Economy},
	Pages = {927-954},
	Title = {On Money as a Medium of Exchange},
	Volume = {97},
	Year = {1989}}

@article{KOCH/96,
	Author = {Kocherlakota, Narayana R.},
	Journal = {Review of Economic Studies},
	Pages = {595-609},
	Title = {Implications of Efficient Risk Sharing without Commitment},
	Volume = {63},
	Year = {1996}}

@article{KOCH/98,
	Author = {Kocherlakota, Narayana R.},
	Journal = {Journal of Economic Theory},
	Pages = {232-251},
	Title = {Money is Memory},
	Volume = {81},
	Year = {1998}}

@article{KOCH/02b,
	Author = {Kocherlakota, Narayana R.},
	Journal = {American Economic Review},
	Pages = {58-61},
	Title = {Money: What's the Question and Why We Care About the Answer},
	Volume = {92},
	Year = {2002}}

@article{KOCH/02a,
	Author = {Kocherlakota, Narayana R.},
	Journal = {Journal of Economic Theory},
	Title = {Social Benefit of Illiquid Bonds},
	Year = {2002}}

@article{KOND/09,
	Author = {Kondor, P\'{e}ter},
	Date-Modified = {2012-09-30 16:59:08 +0000},
	Institution = {London School of Economics},
	Journal = {Journal of Finance},
	Pages = {631-655},
	Title = {Risk in Dynamic Arbitrage: Price Effects of Convergence Trading},
	Volume = {64},
	Year = {2009}}

@article{KRAI/01,
	Author = {Krainer, John},
	Journal = {Journal of Urban Economics},
	Pages = {32-53},
	Title = {A Theory of Liquidity in Residential Real Estate Markets},
	Volume = {49},
	Year = {2001}}

@article{KREP/SCHE/83,
	Author = {Kreps, David M. and Scheinkman, Jose A.},
	Journal = {The Bell Journal of Economics},
	Pages = {326-337},
	Title = {Quantity Precommitment and Bertrand Competition Yield Cournot Outcomes},
	Volume = {14},
	Year = {1983}}

@article{KRIS/02,
	Author = {Krishnamurthy, Arvind},
	Journal = {Journal of Financial Economics},
	Pages = {463-506},
	Title = {The Bond/Old-Bond Spread},
	Volume = {66},
	Year = {2002}}

@article{KYLE/85,
	Author = {Kyle, Albert S.},
	Journal = {Econometrica},
	Number = {6},
	Pages = {1315-1336},
	Title = {Continuous Auctions and Insider Trading},
	Volume = {53},
	Year = {1985}}

@article{KYLE/XION/01,
	Author = {Kyle, Albert and Xiong, Wei},
	Journal = {Journal of Finance},
	Pages = {1401-1440},
	Title = {Contagion as a Wealth Effect},
	Volume = {56},
	Year = {2001}}

@unpublished{LAGO/05,
	Address = {New York University,},
	Author = {Lagos, Ricardo},
	Institution = {Department of Economics},
	Title = {Asset Prices and Liquidity in an Exchange Economy, Working Paper},
	Year = {2005}}

@article{LAGO/WRIG/05,
	Author = {Lagos, Ricardo and Wright, Randall},
	Journal = {Journal of Political Economy},
	Title = {A Unified Framework for Monetary Theory and Policy Analysis},
	Volume = {forthcoming},
	Year = {2005}}

@article{LAGO/ROCH/09,
	Author = {Lagos, Ricardo and Rocheteau, Guillaume},
	Journal = {Econometrica},
	Pages = {403-426},
	Title = {Liquidity in Asset Markets with Search Frictions},
	Volume = {77},
	Year = {2009}}

@unpublished{LAGO/ROCH/WEIL/10,
	Author = {Lagos, Ricardo and Rocheteau, Guillaume and Weill, Pierre-Olivier},
	Note = {Working Paper, NYU, UCI, UCLA},
	Title = {Crises and Liquidity in OTC Markets},
	Year = {2007}}

@article{LEAC/MADH/93,
	Author = {Leach, Chris J. and Madhavan, Ananth N.},
	Journal = {Review of Financial Studies},
	Pages = {375-404},
	Title = {Price Experimentation and Security Market Structure},
	Volume = {6},
	Year = {1993}}

@article{LELA/PYLE/77,
	Author = {Leland, Hayne E. and Pyle, David H.},
	Journal = {Journal of Finance},
	Pages = {371-387},
	Title = {Informational Asymmetries, Financial Structure, and Financial Intermediation},
	Volume = {32},
	Year = {1977}}

@article{LERO/KRAI/02,
	Author = {LeRoy, Stephen F. and Krainer, John},
	Journal = {Economic Theory 19},
	Pages = {223-242},
	Title = {Equilibrium Valuation of Illiquid Assets},
	Year = {2002}}

@article{LI/98,
	Author = {Li, Yiting},
	Journal = {Journal of Monetary Economics},
	Pages = {131-159},
	Title = {Middlemen and private information},
	Volume = {42},
	Year = {1998}}

@unpublished{LINN/05,
	Author = {Linnainmaa, Juhani},
	Note = {Working Paper, University of Chicago Graduate School of Business},
	Title = {The Limit Order Effect},
	Year = {2005}}

@book{LJUN/SARG/00,
	Address = {Boston},
	Author = {Ljungqvist, Lars and Sargent, Thomas J.},
	Publisher = {MIT Press},
	Title = {Recursive Macroeconomic Theory},
	Year = {2000}}

@article{LO/MAMA/WANG/04,
	Author = {Lo, Andrew W. and Mamaysky, Harry and Wang, Jiang},
	Journal = {Journal of Political Economy},
	Pages = {1054-1090},
	Title = {Asset Prices and Trading Volume under Fixed Transactions Costs},
	Volume = {112},
	Year = {2004}}

@article{LONG/03,
	Author = {Longstaff, Francis},
	Journal = {Journal of Business},
	Note = {Forthcoming},
	Title = {The Flight to Liquidity Premium in U.S. Treasury Bond Prices},
	Year = {2003}}

@article{LOEW/WILL/05,
	Author = {Loewenstein, Mark and Willard, Gregory A.},
	Journal = {Journal of Finance},
	Title = {The Limit of Investor Behavior},
	Volume = {Forthcoming},
	Year = {2005}}

@article{LUCA/72,
	Author = {Lucas, Robert E.},
	Journal = {Journal of Economic Theory},
	Pages = {103-124},
	Title = {Expectations and the neutrality of money},
	Volume = {4},
	Year = {1972}}

@article{LUCA/78,
	Author = {Lucas, Robert E.},
	Journal = {Econometrica},
	Pages = {1426-1445},
	Title = {Asset Prices in an Exchange Economy},
	Volume = {46},
	Year = {1978}}

@article{LUCA/82,
	Author = {Lucas, Robert E. Jr.},
	Journal = {Journal of Monetary Economics},
	Pages = {335-352},
	Title = {Interest Rates and Currency Prices in a Two-Country World},
	Volume = {10},
	Year = {1982}}

@article{LUCA/STOC/83,
	Author = {Lucas, Robert E. Jr. and Stockey, Nancy},
	Journal = {Journal of Monetary Economics},
	Pages = {55-93},
	Title = {Optimal Fiscal and Monetary Policy in an Economy Without Capital},
	Volume = {12},
	Year = {1983}}

@article{LUCA/90,
	Author = {Lucas, Robert E. Jr.},
	Journal = {Journal of Economic Theory},
	Pages = {237-264},
	Title = {Liquidity and Interest Rates},
	Volume = {50},
	Year = {1990}}

@article{LUCA/03,
	Author = {Lucas, Robert E. Jr.},
	Journal = {American Economic Review},
	Pages = {1-14},
	Title = {Macroeconomic Priorities},
	Volume = {93},
	Year = {2003}}

@book{LUEN/69,
	Address = {New York},
	Author = {Luenberger, David G.},
	Publisher = {Wiley, John and Sons},
	Title = {Optimization by Vector Space Methods},
	Year = {1969}}

@unpublished{LAGO/02,
	Address = {New-York University},
	Author = {Lagos, Ricardo},
	Institution = {Department of Economics},
	Title = {A Model of Total Factor Productivity , Working Paper},
	Year = {2001}}

@unpublished{LAGO/ROCH/WEIL/08,
	Author = {Lagos, Ricardo and Rocheteau, Guillaume and Weill, Pierre-Olivier},
	Notes = {Working paper, NYU, UCI, and UCLA},
	Title = {Crashes and Recoveries in Illiquid Markets},
	Year = {2008}}

@book{MASC/WHIN/GREE/95,
	Address = {Oxford},
	Author = {Mas-Colell, Andreu and Whinston, Michael D. and Green, Jerry R.},
	Publisher = {Oxford University Press},
	Title = {Microeconomic Theory},
	Year = {1995}}

@article{MCAN/RAJA/00,
	Author = {McAndrew, James and Rajan, Samira},
	Journal = {FRBNY Economic Policy Review},
	Pages = {17-29},
	Title = {The Timing and Funding of Fedwire Funds Transfers},
	Volume = {July},
	Year = {2000}}

@article{MADH/SMID/93,
	Author = {Madhavan, Ananth and Smidt, Seymour},
	Journal = {Journal of Finance},
	Pages = {1595-1627},
	Title = {An Analysis of Changes in Specialist Inventories and Quotations},
	Volume = {48},
	Year = {1993}}

@article{MADH/SOFI/98,
	Author = {Madhavan, Ananth and Sofianos, George},
	Journal = {Journal of Financial Economics},
	Pages = {189-210},
	Title = {An Empirical Analysis of NYSE Specialist Trading},
	Volume = {48},
	Year = {1998}}

@article{MANA/MANN/96,
	Author = {Manaster, Steven and Mann, Steven C.},
	Journal = {Journal of Finance},
	Pages = {953-975},
	Title = {Life in the Pits: Competitive Market Making and Inventory Control},
	Volume = {9},
	Year = {1996}}

@article{MARE/01,
	Author = {Mar\`{e}s, Arnaud},
	Journal = {Bureau of International Settlement Papers},
	Pages = {385-401},
	Title = {Market Liquidity and the Role of Public Policy},
	Volume = {12},
	Year = {2001}}

@unpublished{MART/02,
	Author = {Martin, Antoine},
	Institution = {Federal Reserve of Kansas City},
	Note = {Federal Reserve of Kansas City},
	Title = {Optimal Pricing of Intraday Liquidity},
	Year = {2002}}

@unpublished{MASO/87,
	Address = {CSFB Research,},
	Author = {Mason, R.},
	Institution = {Credit Suisse First Boston},
	Title = {The 10-year Bond Markets},
	Year = {1987}}

@unpublished{MAST/04,
	Author = {Masters, Adrian},
	Institution = {SUNY Albany},
	Note = {Working paper},
	Title = {Efficiency of Intermediation in Search Equilibrium},
	Year = {2004}}

@article{MCAN/POTT/02,
	Author = {McAndrews, James J. and Potter, Simon M.},
	Journal = {FRBNY Economic Policy Review},
	Pages = {59-79},
	Title = {Liquidity Effects of the Events of September 11, 2001},
	Volume = {November},
	Year = {2002}}

@article{MERH/PRES/85,
	Author = {Merha, Rajnish and Prescott, Edward C.},
	Journal = {Journal of Monetary Economics},
	Pages = {335-359},
	Title = {The Equity Premium: a Puzzle},
	Volume = {10},
	Year = {1985}}

@article{MERT/87,
	Author = {Merton, Robert C.},
	Journal = {Journal of Finance},
	Pages = {483-510},
	Title = {A Simple Model of Capital Market Equilibrium with Incomplete Information},
	Volume = {42},
	Year = {1987}}

@article{MIAO/05,
	Author = {Miao, Jianjun},
	Journal = {Review of Economic Dynamics},
	Title = {A Search Model of Centralized and Decentralized Trade},
	Volume = {forthcoming},
	Year = {2005}}

@article{MILD/SCHL/83,
	Author = {Mildenstein, Eckart and Schleef, Harold},
	Journal = {Journal of Finance},
	Pages = {218-231},
	Title = {The Optimal Pricing Policy of a Monopolistic Marketmaker in Equity Market},
	Volume = {38},
	Year = {1983}}

@article{MILG/SEGA/02,
	Author = {Milgrom, Paul and Segal, Ilya},
	Journal = {Econometrica},
	Pages = {583-601},
	Title = {Enveloppe Theorems for Arbitrary Choice Set},
	Volume = {70},
	Year = {2002}}

@article{MOEN/97,
	Author = {Moen, Espen R.},
	Journal = {Journal of Political Economy},
	Pages = {385-411},
	Title = {Competitive Search Equilibrium},
	Volume = {105},
	Year = {1997}}

@article{MORR/SHIN/02,
	Author = {Morris, Stephen and Shin, Hyun Song},
	Journal = {American Economic Review},
	Pages = {1521-1534},
	Title = {The Social Value of Public Information},
	Volume = {92},
	Year = {2002}}

@unpublished{MORR/SHIN/06,
	Author = {Morris, Stephen and Shin, Hyun Song},
	Institution = {Princeton University},
	Title = {Coordinating Expecations in Monetary Policy},
	Year = {2006}}

@incollection{MORT/82,
	Address = {Chicago},
	Author = {Mortensen, Dale T.},
	Booktitle = {The Economics of Information and Uncertainty},
	Editor = {McCall, John J.},
	Publisher = {University of Chicago Press for the National Bureau of Economic Research},
	Title = {The Matching Process as a Noncooperative Bargaining Game},
	Year = {1982}}

@article{MORT/WRIG/02,
	Author = {Mortensen, Dale T. and Wright, Randall},
	Journal = {International Economic Review},
	Pages = {1-20},
	Title = {Competitive Pricing and Efficiency in Search Equilibrium},
	Volume = {43},
	Year = {2002}}

@article{MORT/PISS/94,
	Author = {Mortensen, Dale and Pissarides, Christopher},
	Journal = {Review of Economic Studies},
	Pages = {397-415},
	Title = {Job Creation and Job Destruction in the Theory of Unemployment},
	Volume = {61},
	Year = {1994}}

@article{MOUL/04,
	Author = {Moulton, Pamela C.},
	Journal = {Journal of Fixed Income},
	Pages = {40-49},
	Title = {Relative Repo Specialness in U.S. Treasuries},
	Volume = {14},
	Year = {2004}}

@unpublished{NEWM/RIER/03,
	Author = {Newman, Yigal S. and Rierson, Michael A.},
	Institution = {Graduate School of Business},
	Note = {Stanford University},
	Title = {Illiquidity Spillovers: Theory and Evidence From European Telecom Bond Issuance},
	Year = {2003}}

@article{OHAR/OLDF/86,
	Author = {O'Hara, Maureen and Oldfield, George S.},
	Journal = {Journal of Financial and Quantitative Analysis},
	Pages = {361-376},
	Title = {The Microeconomics of Market Making},
	Volume = {21},
	Year = {1986}}

@book{OHAR/95,
	Address = {Cambridge},
	Author = {O'Hara, Maureen},
	Publisher = {Blackwell},
	Title = {Market Microstructure Theory},
	Year = {1995}}

@article{PAGA/89,
	Author = {Pagano, Marco},
	Journal = {Review of Economic Studies},
	Title = {Endogenous Market Thinnes and Stock Price Volatility},
	Volume = {269-287},
	Year = {1989}}

@article{PAGA/ROEL/96,
	Author = {Pagano, Marco and Roell, Ailsa},
	Journal = {The Journal of Finance},
	Title = {Transparency and Liquidity: A Comparison of Auction and Dealer Markets with Informed Trading},
	Volume = {579-611},
	Year = {1996}}

@article{PARL/98,
	Author = {Parlour, Christine A.},
	Journal = {Review of Financial Studies},
	Pages = {789-816},
	Title = {Price Dynamics in Limit Order Markets},
	Volume = {11},
	Year = {1998}}

@incollection{PARL/SEPP/08,
	Author = {Parlour, Christine A. and Seppi, Duane J.},
	Booktitle = {Handbook of Financial Intermediation and Banking,},
	Editor = {Boot, A.W.A. and Thakor, A.V.},
	Title = {Limit order markets: A survey},
	Year = {2008}}

@article{PARR/97,
	Author = {Parry, Robert T.},
	Journal = {Federal Reserve Bank of San Francisco Economic Letter},
	Title = {The October '87 Crash Ten Years Later},
	Volume = {97-32},
	Year = {1997}}

@article{PAST/STRA/03,
	Author = {Pastor, Lubos and Stambaugh, Robert F.},
	Journal = {Journal of Political Economy},
	Pages = {642-685},
	Title = {Liquidity risk and expected stock returns},
	Volume = {111},
	Year = {2003}}

@article{PETE/91,
	Author = {Peters, Michael},
	Journal = {Econometrica},
	Pages = {1425-1454},
	Title = {Ex Ante Price Offers in Matching Games Non-Steady States},
	Volume = {59},
	Year = {1991}}

@article{PETE/FIAL/94,
	Author = {Petersen, M and Fialkowski, D.},
	Journal = {Journal of Financial Economics},
	Pages = {269-292},
	Title = {Posted versus Effective Spreads: Good Prices or Bad Quotes},
	Volume = {35},
	Year = {1994}}

@book{PHEL/69,
	Address = {New York},
	Author = {Phelps, Edmund S.},
	Publisher = {Norton},
	Title = {Microeconomic Fundations of Employment and Inflation Theory},
	Year = {1969}}

@unpublished{PHEL/SKRZ/06,
	Author = {Phelan, Christopher and Skrzypacz, Andrzej},
	Note = {Working Paper, Federal Reserve Bank of Minneapolis},
	Title = {Private Monitoring with Infinite Histories},
	Year = {2006}}

@article{PIAZ/SCHN/TUZE/06a,
	Author = {Piazzesi, Monika and Schneider, Martin and Tuzel, Selale},
	Journal = {Journal of Financial Economics},
	Note = {Forthcoming},
	Title = {Housing, Consumption, and Asset Pricing},
	Year = {2006}}

@article{PIAZ/SCHN/06b,
	Author = {Piazzesi, Monika and Schneider, Martin},
	Journal = {NBER Macroeconomic Annual},
	Note = {Forthcoming},
	Title = {Equilibrium Yield Curves},
	Year = {2006}}

@incollection{PIAZ/SCHN/06c,
	Author = {Piazzesi, Monika and Schneider, Martin},
	Booktitle = {Asset Prices and Monetary Policy},
	Editor = {Campbell, John Y.},
	Title = {Inflation Illusion, Credit, and Asset Pricing},
	Year = {2007}}

@unpublished{PIAZ/SCHN/06d,
	Author = {Piazzesi, Monika and Schneider, Martin},
	Note = {Working Paper, University of Chicago and New York University},
	Title = {Inflation and the Price of Real Assets},
	Year = {2006}}

@article{PISS/79,
	Author = {Pissarides, Christopher},
	Journal = {Economic Journal},
	Page = {818-833},
	Title = {Job Matchings with State Employment Agencies and Random Search},
	Volume = {89},
	Year = {1979}}

@article{PISS/85,
	Author = {Pissarides, Christopher},
	Journal = {American Economic Review},
	Pages = {676-690},
	Title = {Short-Run Equilibrium Dynamics of Unemployment, Vacancies, and Real Wages},
	Volume = {75},
	Year = {1985}}

@book{PISS/00,
	Address = {Boston},
	Author = {Pissarides, Christopher},
	Publisher = {MIT Press 2nd Edition},
	Title = {Equilibrium Unemployment Theory},
	Year = {2000}}

@book{PROT/90,
	Address = {New York},
	Author = {Protter, Philip},
	Publisher = {Springer-Verlag},
	Title = {Stochastic Integration and Differential Equations},
	Year = {1990}}

@article{REIS/WERN/98,
	Author = {Reiss, Peter C. and Werner, Ingrid M.},
	Journal = {Journal of Finance},
	Pages = {1657-1703},
	Title = {Does Risk Sharing Motivate Interdealer Trading?},
	Volume = {53},
	Year = {1998}}

@article{RIET/88,
	Author = {Rietz, Thomas A.},
	Journal = {Journal of Monetary Economics},
	Title = {The Equity Risk Premium: A Solution},
	Volume = {22},
	Year = {1988}}

@techreport{RUPE/SCHI/WRIG/00,
	Author = {Rupert, Peter and Schindler, Martin and Wright, Randall},
	Title = {Generalized Search-Theoretic Models of Monetary Exchange},
	Year = {2000}}

@article{ROCH/TIRO/96a,
	Author = {Rochet, Jean-Charles and Tirole, Jean},
	Journal = {Journal of Money, Credit, and Banking},
	Pages = {832-862},
	Title = {Controling Risk in Payment Systems},
	Volume = {28},
	Year = {1996}}

@article{ROCH/TIRO/96b,
	Author = {Rochet, Jean-Charles and Tirole, Jean},
	Journal = {Journal of Money, Credit, and Banking},
	Pages = {733-762},
	Title = {Interbank Lending and Systemic Risk},
	Volume = {28},
	Year = {1996}}

@article{ROME/ROME/90,
	Author = {Romer, Christina D. and Romer, David H.},
	Journal = {Brooking Papers on Economic Activity},
	Pages = {149-213},
	Title = {New Evidence on the Monetary Transmission Mechanism},
	Year = {1990}}

@unpublished{ROSS/SOFI/98,
	Author = {Ross, Katharine and Sofianos, George},
	Institution = {Research Department},
	Note = {New-York Stock Exchange, Inc.},
	Title = {An Analysis of Prive Volatility October 27 and 28, 1997, NYSE Working Paper},
	Year = {1998}}

@article{ROSU/04,
	Author = {Rosu, Ioanid},
	Journal = {Review of Financial Studies},
	Pages = {4601-4641},
	Title = {A Dynamic Model of the Limit-order Book},
	Year = {2009}}

@article{RUBI/WOLI/87,
	Author = {Rubinstein, Ariel and Wolinsky, Asher},
	Journal = {Quarterly Journal of Economics},
	Pages = {581-594},
	Title = {Middlemen},
	Year = {1987}}

@unpublished{RUDE/WILL/07,
	Author = {Rudebush, Glenn D. and Williams, John C.},
	Institution = {Federal Reserve Bank of San Francisco},
	Title = {Revealing the Secrets of the Temple: The Value of Publishing Central Bank Interest Rate Projections},
	Year = {2007}}

@book{RUDI/74,
	Address = {New York},
	Author = {Rudin, Walter},
	Publisher = {McGraw-Hill},
	Title = {Real and Complex Analysis},
	Year = {1974}}

@article{SARG/WALL/82,
	Author = {Sargent, Thomas J. and Wallace, Neil},
	Journal = {Journal of Political Economy},
	Pages = {1212-1236},
	Title = {The Real-Bills Doctrine versus the Quantity Theory: A Reconsideration},
	Year = {1982}}

@book{SARG/87,
	Address = {Boston},
	Author = {Sargent, Thomas J.},
	Publisher = {Harvard University Press},
	Title = {Dynamic Macroeconomic Theory},
	Year = {1987}}

@article{SERR/YOSH/93,
	Author = {Serrano, Roberto and Yosha, Oved},
	Journal = {Economic Theory},
	Pages = {481-499},
	Title = {Information Revelation in a Market with Pairwise Meetings: the One-Sided Information Case},
	Volume = {3},
	Year = {1993}}

@article{SERR/YOSH/96,
	Author = {Serrano, Roberto and Yosha, Oved},
	Journal = {Economic Theory},
	Pages = {167-175},
	Title = {Welfare Analysis of a Market with Pairwise Meetings and Asymmetric Information},
	Volume = {8},
	Year = {1996}}

@article{SHAR/64,
	Author = {Sharpe, William F.},
	Journal = {Journal of Finance},
	Pages = {425-442},
	Title = {Capital Asset Prices: A Theory of Market Equilibrium under Conditions of Risk},
	Year = {1964}}

@unpublished{SHEN/STAR/00,
	Author = {Shen, Pu and Starr, Ross},
	Institution = {Department of Economics},
	Note = {University of California, San Diego},
	Title = {Marketmaker's Supply and Pricing of Financial Market Liquidity, Working Paper},
	Year = {2000}}

@article{SEIE/SYDA/77,
	Author = {Seierstad, Atle and Syds{\ae}ter, Knut},
	Journal = {International Economic Review},
	Pages = {367-391},
	Title = {Sufficient Conditions in Optimal Control Theory},
	Volume = {18},
	Year = {1977}}

@article{SHEV/04,
	Author = {Shevchenko, Andrei},
	Journal = {International Economic Review},
	Pages = {1-25},
	Title = {Middlemen},
	Volume = {45},
	Year = {2004}}

@article{SHI/96,
	Author = {Shi,Shouyong},
	Journal = {Review of Economic Studies},
	Pages = {627-652},
	Title = {Credit and Money in a Search Model with Divisible Commodities},
	Volume = {63},
	Year = {1996}}

@unpublished{SHI/04,
	Author = {Shi, Shouyong},
	Institution = {Department of Economics},
	Note = {University of Toronto},
	Title = {Liquidity, Interest Rates, and Output, Working Paper},
	Year = {2004}}

@article{SHLE/85,
	Author = {Shleifer, Andrei},
	Journal = {Journal of Finance},
	Pages = {28-30},
	Title = {Do Demand Curves for Stocks Slope Down?},
	Volume = {41},
	Year = {1985}}

@article{SHLE/VISH/97,
	Author = {Shleifer, Andrei and Vishny, Robert W.},
	Journal = {Journal of Finance},
	Pages = {35-55},
	Title = {The Limits of Arbitrage},
	Volume = {52},
	Year = {1997}}

@unpublished{SHIM/95,
	Author = {Shimer, Robert},
	Institution = {Department of Economics},
	Note = {MIT},
	Title = {Contract in a Frictional Labor Market, Working Paper},
	Year = {1995}}

@unpublished{SMIT/SORE/05,
	Author = {Smith, Lones and Sorensen, Peter},
	Institution = {University of Michigan},
	Title = {Rational Social Learning by Random Sampling, Working Paper},
	Year = {2005}}

@article{SPUL/96,
	Author = {Spulber, Daniel F.},
	Journal = {Review of Economic Studies},
	Pages = {559-580},
	Title = {Marketmaking by Price-Setting Firms},
	Volume = {63},
	Year = {1996}}

@book{STOK/LUCA/89,
	Address = {Cambridge},
	Author = {Stokey, Nancy L. and Lucas, Robert E.},
	Publisher = {Harvard University Press},
	Title = {Recursive Methods in Economic Dynamics},
	Year = {1989}}

@article{STOL/78,
	Author = {Stoll, Hans R.},
	Journal = {Journal of Finance},
	Pages = {1133-1151},
	Title = {The Supply of Dealer Services in Securities Markets},
	Volume = {33},
	Year = {1978}}

@article{STOL/98,
	Author = {Stoll, Hans R.},
	Journal = {Financial Analysts Journal},
	Pages = {72-82},
	Title = {Reconsidering the Affirmative Obligation of Market Makers},
	Volume = {54},
	Year = {1998}}

@unpublished{STRE/02,
	Address = {Stanford University,},
	Author = {Strebulaev, Ilya},
	Institution = {Graduate School of Business},
	Title = {Liquidity and Asset Pricing: Evidence from the U.S. Treasury Securities Market, Working Paper},
	Year = {2002}}

@unpublished{SUN/00,
	Author = {Sun, Yeneng},
	Institution = {Department of Mathematics and Center of Financial Engineering},
	Note = {National University of Singapore},
	Title = {On the Sample Measurability Problem in Modeling Individual Risks, Working Paper},
	Year = {2000}}

@article{SUN/06,
	Author = {Sun, Yeneng},
	Journal = {Journal of Economic Theory},
	Pages = {31-69},
	Title = {The exact law of large numbers via Fubini extension and characterization of insurable risks},
	Volume = {126},
	Year = {2006}}

@article{SUND/94,
	Author = {Sundaresan, Suresh},
	Journal = {Journal of Fixed Income},
	Pages = {35-50},
	Title = {An Empirical Analysis of US Treasury Auctions: Implications for Auctions and Term-Structure Theories},
	Year = {1994}}

@book{SUND/02,
	Author = {Sundaresan, Suresh},
	Publisher = {South-Western Publishing Company},
	Title = {Fixed Income Markets and Their Derivatives},
	Year = {2002}}

@book{TAYL/MANN/83,
	Address = {New-York},
	Author = {Taylor, Angus E. and Mann, Robert W.},
	Publisher = {Wiley, John and Sons},
	Title = {Advanced Calculus},
	Year = {1983}}

@article{TEMZ/WILL/03,
	Author = {Temzelides, Ted and Williamson, Stephen D.},
	Journal = {Journal of Economic Theory},
	Title = {Payments System Design in Deterministic and Private Information Environments},
	Volume = {Forthcoming},
	Year = {2003}}

@article{TREJ/WRIG/95,
	Author = {Trejos, Alberto and Wright, Randall},
	Journal = {Journal of Political Economy},
	Number = {1},
	Pages = {118-141},
	Title = {Search, Bargaining, Money, and Prices},
	Volume = {103},
	Year = {1995}}

@article{TOWN/79,
	Author = {Townsend, Robert},
	Journal = {Journal of Economic Theory},
	Pages = {265-293},
	Title = {Optimal Contracts and Competitive Markets with Costly State Verification},
	Volume = {22},
	Year = {1979}}

@article{VAYA/98,
	Author = {Vayanos, Dimitri},
	Journal = {Review of Financial Studies},
	Pages = {1-58},
	Title = {Transaction Costs and Asset Prices: A Dynamic Equilibrium Model},
	Volume = {11},
	Year = {1998}}

@article{VAYA/03,
	Author = {Vayanos, Dimitri},
	Journal = {The Review of Economic Studies},
	Number = {3},
	Pages = {667--695},
	Title = {The Decentralization of Information Processing in the Presence of Interactions},
	Volume = {70},
	Year = {2003}}

@unpublished{VAYA/04,
	Author = {Vayanos, Dimitri},
	Note = {Working Paper, LSE},
	Title = {Flight to quality, flight to liquidity, and the pricing of risk},
	Year = {2004}}

@article{VAYA/VILA/99,
	Author = {Vayanos,Dimitri and Vila, Jean-Luc},
	Journal = {Economic Theory},
	Pages = {509-539},
	Title = {Equilibrium Interest Rate and Liquidity Premium with Transaction Costs},
	Volume = {13},
	Year = {1999}}

@article{VAYA/WANG/07,
	Author = {Vayanos, Dimitri and Wang, Tan},
	Journal = {Journal of Economic Theory},
	Pages = {66-104},
	Title = {Search and Endogenous Concentration of Liquidity in Asset Markets, Working Paper},
	Volume = {136},
	Year = {2007}}

@article{VAYA/WEIL/08,
	Author = {Vayanos, Dimitri and Weill, Pierre-Olivier},
	Journal = {Journal of Finance},
	Pages = {1361-1398},
	Title = {A Search-Based Theory of the On-the-Run Phenomenon},
	Volume = {63},
	Year = {2008}}

@article{VIVE/97,
	Author = {Vives, Xavier},
	Journal = {Games and Economic Behavior},
	Pages = {177-200},
	Title = {Learning from others: a Welfare Analysis},
	Volume = {20},
	Year = {1997}}

@article{VIVE/93,
	Author = {Vives, Xavier},
	Journal = {Review of Economic Studies},
	Pages = {329-347},
	Title = {How Fast do Rational Agents Learn?},
	Volume = {60},
	Year = {1993}}

@article{WAHA/97,
	Author = {Wahal, Sunil},
	Journal = {The Review of Financial Studies},
	Pages = {872-901},
	Title = {Entry, Exit, Market Makers, and the Bid-Ask Spread},
	Volume = {10},
	Year = {1997}}

@article{WARG/92,
	Author = {Warga, Arthur},
	Journal = {Journal of Financial and Quantitative Analysis},
	Pages = {605-617},
	Title = {Bond Returns, Liquidity, and Missing Data},
	Volume = {27},
	Year = {1992}}

@article{WALL/97,
	Author = {Wallace, Neil},
	Journal = {Journal of Political Economy},
	Pages = {1293-1307},
	Title = {Short-Run and Long-Run Effects of Changes in Money in a Random-Matching Model},
	Volume = {6},
	Year = {1997}}

@article{WALL/00,
	Author = {Wallace, Neil},
	Journal = {Journal of Monetary Economics},
	Pages = {55-68},
	Title = {A Model of the Liquidity Yield Structure Based on Asset Indivisibility},
	Volume = {45},
	Year = {2000}}

@article{WALL/01,
	Author = {Wallace, Neil},
	Journal = {International Economic Review},
	Pages = {847-849},
	Title = {Whither Monetary Economics?},
	Volume = {42},
	Year = {2001}}

@article{WANG/04a,
	Author = {Wang, Neng},
	Journal = {Journal of Monetary Economics},
	Pages = {1645-1681},
	Title = {Precautionary saving and Partially Observed Income},
	Volume = {51},
	Year = {2004}}

@unpublished{WANG/04b,
	Address = {Columbia University,},
	Author = {Wang, Neng},
	Institution = {Graduate School of Business},
	Title = {A Simple Model for Friedman's Conjecture on Consumption, Working Paper},
	Year = {2004}}

@article{WEIL/08,
	Author = {Weill, Pierre-Olivier},
	Journal = {Journal of Economic Theory},
	Pages = {66-96},
	Title = {Liquidity Premia in Dynamic Bargaining Markets},
	Volume = {140},
	Year = {2008}}

@article{WEIL/07,
	Author = {Weill, Pierre-Olivier},
	Journal = {Review of Economic Studies},
	Pages = {1329-1354},
	Title = {Leaning Against the wind},
	Volume = {74},
	Year = {2007}}

@unpublished{WEIL/08b,
	Author = {Weill, Pierre-Olivier},
	Date-Modified = {2010-07-02 10:29:16 -0700},
	Note = {Working Paper, UCLA},
	Read = {0},
	Title = {Liquidity Provision in Capacity Constrained Markets},
	Year = {2008}}

@unpublished{WEIL/03Notes,
	Address = {Stanford University},
	Author = {Weill, Pierre-Olivier},
	Institution = {Department of Economics},
	Title = {Leaning against the wind and capital-market imperfections, Working Paper},
	Year = {2003}}

@unpublished{WEIL/04,
	Author = {Weill, Pierre-Olivier},
	Institution = {Department of Economics},
	Note = {Stanford University},
	Title = {Essays on Liquidity in Financial Markets, Ph.D. Dissertation},
	Year = {2004}}

@article{WHEA/90,
	Author = {Wheaton, William C.},
	Journal = {Journal of Political Economy},
	Pages = {1270-1292},
	Title = {Vacancy, Search, and Prices in a Housing Market Matching Model},
	Volume = {98},
	Year = {1990}}

@article{WILL/95,
	Author = {Williams, Joseph T.},
	Journal = {Review of Financial Studies},
	Pages = {55-90},
	Title = {Pricing Real Assets with Costly Search},
	Volume = {8},
	Year = {1995}}

@unpublished{WILL/05,
	Author = {Williamson, Steven D.},
	Institution = {University of Iowa},
	Title = {Search, Limited Participation, and Monetary Policy, Working Paper},
	Year = {2005}}

@article{WIGM/98,
	Author = {Wigmore, Barrie A.},
	Journal = {Financial Analysts Journal},
	Pages = {36-48},
	Title = {Revisiting the October 1987 Crash},
	Volume = {54},
	Year = {1998}}

@article{WOLI/90,
	Author = {Wolinsky, Asher},
	Journal = {Econometrica},
	Pages = {1-23},
	Title = {Information Revelation in a Market with Pairwise Meetings},
	Volume = {58},
	Year = {1990}}

@article{WOOD/90,
	Author = {Woodford, Michael},
	Journal = {The American Economic Review},
	Number = {2},
	Pages = {382-388},
	Title = {Public Debt as Private Liquidity},
	Volume = {80},
	Year = {1990}}

@article{XION/01,
	Author = {Xiong, Wei},
	Journal = {Journal of Financial Economics},
	Pages = {247-292},
	Title = {Convergence Trading with Wealth Effects: An Amplification Mechanism in Financial Markets},
	Volume = {62},
	Year = {2001}}

@unpublished{ZHAN/TIAN/WIRJ/07,
	Author = {Zhang, Feng and Tian, Yao and Wirjanto, Tony S.},
	Notes = {Working Paper, University of Waterloo},
	Title = {Liquidity Risk and Cross-Sectional Returns: Evidence from the Chinese Stock Markets},
	Year = {2007}}

@article{ZHOU/99,
	Author = {Zhou, Ruilin},
	Journal = {International Economic Review},
	Number = {4},
	Pages = {1009-1038},
	Title = {Individual and Aggregate Real Balances in a Random Matching model},
	Volume = {40},
	Year = {1999}}

@article{ZHOU/00,
	Author = {Zhou, Ruilin},
	Journal = {Economic Perspective, Federal Reserve Bank of Chicago},
	Pages = {29-37},
	Title = {Understanding Intraday Credit in Large-value Payment Systems},
	Volume = {Third Quarter},
	Year = {2000}}

@Comment{jabref-meta: databaseType:bibtex;}
